
@article{bullmore2011brain,
	title = {Brain {Graphs}: {Graphical} {Models} of the {Human} {Brain} {Connectome}},
	volume = {7},
	issn = {1548-5943, 1548-5951},
	shorttitle = {Brain {Graphs}},
	url = {http://www.annualreviews.org/doi/abs/10.1146/annurev-clinpsy-040510-143934},
	doi = {10.1146/annurev-clinpsy-040510-143934},
	number = {1},
	urldate = {2013-06-26},
	journal = {Annual Review of Clinical Psychology},
	author = {Bullmore, Edward T. and Bassett, Danielle S.},
	month = apr,
	year = {2011},
	pages = {113--140},
	file = {Bullmore_Bassett--Brain Graphs--2011.pdf:/home/akhambhati/.zotero/zotero/ogos7uvj.default/zotero/storage/U4KGQEK9/Bullmore_Bassett--Brain Graphs--2011.pdf:application/pdf}
}

@article{kramer2010coalescence,
	title = {Coalescence and {Fragmentation} of {Cortical} {Networks} during {Focal} {Seizures}},
	volume = {30},
	issn = {0270-6474, 1529-2401},
	url = {http://www.jneurosci.org/cgi/doi/10.1523/JNEUROSCI.6309-09.2010},
	doi = {10.1523/JNEUROSCI.6309-09.2010},
	number = {30},
	urldate = {2013-09-10},
	journal = {Journal of Neuroscience},
	author = {Kramer, M. A. and Eden, U. T. and Kolaczyk, E. D. and Zepeda, R. and Eskandar, E. N. and Cash, S. S.},
	month = jul,
	year = {2010},
	pages = {10076--10085},
	file = {Kramer et al--Coalescence and Fragmentation of Cortical Networks during Focal Seizures--2010.pdf:/home/akhambhati/.zotero/zotero/ogos7uvj.default/zotero/storage/5B4QM9UE/Kramer et al--Coalescence and Fragmentation of Cortical Networks during Focal Seizures--2010.pdf:application/pdf;Kramer et al--Coalescence and Fragmentation of Cortical Networks during Focal Seizures--2010.pdf:/home/akhambhati/.zotero/zotero/ogos7uvj.default/zotero/storage/HXNDID6I/Kramer et al--Coalescence and Fragmentation of Cortical Networks during Focal Seizures--2010.pdf:application/pdf}
}

@article{bassett2011dynamic,
	title = {Dynamic reconfiguration of human brain networks during learning},
	volume = {108},
	url = {http://www.pnas.org/content/108/18/7641.short},
	number = {18},
	urldate = {2013-08-02},
	journal = {Proceedings of the National Academy of Sciences},
	author = {Bassett, Danielle S. and Wymbs, Nicholas F. and Porter, Mason A. and Mucha, Peter J. and Carlson, Jean M. and Grafton, Scott T.},
	year = {2011},
	pages = {7641--7646},
	file = {Bassett et al--Dynamic reconfiguration of human brain networks during learning--2011.pdf:/home/akhambhati/.zotero/zotero/ogos7uvj.default/zotero/storage/6FWETG57/Bassett et al--Dynamic reconfiguration of human brain networks during learning--2011.pdf:application/pdf}
}

@article{lemieux2011concepts,
	title = {Concepts of {Connectivity} and {Human} {Epileptic} {Activity}},
	volume = {5},
	issn = {1662-5137},
	url = {http://www.frontiersin.org/Systems_Neuroscience/10.3389/fnsys.2011.00012/abstract},
	doi = {10.3389/fnsys.2011.00012},
	urldate = {2013-07-08},
	journal = {Frontiers in Systems Neuroscience},
	author = {Lemieux, Louis and Daunizeau, Jean and Walker, Matthew C.},
	year = {2011},
	file = {Lemieux et al--Concepts of Connectivity and Human Epileptic Activity--2011.pdf:/home/akhambhati/.zotero/zotero/ogos7uvj.default/zotero/storage/IIXCZKSI/Lemieux et al--Concepts of Connectivity and Human Epileptic Activity--2011.pdf:application/pdf}
}

@article{alarcon1997origin,
	title = {Origin and propagation of interictal discharges in the acute electrocorticogram. {Implications} for pathophysiology and surgical treatment of temporal lobe epilepsy.},
	volume = {120},
	url = {http://brain.oxfordjournals.org/content/120/12/2259.short},
	number = {12},
	urldate = {2013-07-23},
	journal = {Brain},
	author = {Alarcon, G. and Seoane, JJ Garcia and Binnie, C. D. and Miguel, MC Martin and Juler, J. and Polkey, C. E. and Elwes, R. D. and Blasco, JM Ortiz},
	year = {1997},
	pages = {2259--2282},
	file = {Alarcon et al--Origin and propagation of interictal discharges in the acute electrocorticogram--1997.pdf:/home/akhambhati/.zotero/zotero/ogos7uvj.default/zotero/storage/DFB3A89H/Alarcon et al--Origin and propagation of interictal discharges in the acute electrocorticogram--1997.pdf:application/pdf}
}

@article{wilke2009identification,
	title = {Identification of epileptogenic foci from causal analysis of {ECoG} interictal spike activity},
	volume = {120},
	issn = {13882457},
	url = {http://linkinghub.elsevier.com/retrieve/pii/S1388245709003873},
	doi = {10.1016/j.clinph.2009.04.024},
	number = {8},
	urldate = {2013-07-23},
	journal = {Clinical Neurophysiology},
	author = {Wilke, C. and Drongelen, W. van and Kohrman, M. and He, B.},
	month = aug,
	year = {2009},
	pages = {1449--1456},
	file = {Wilke et al--Identification of epileptogenic foci from causal analysis of ECoG interictal--2009.pdf:/home/akhambhati/.zotero/zotero/ogos7uvj.default/zotero/storage/Q56MTMIS/Wilke et al--Identification of epileptogenic foci from causal analysis of ECoG interictal--2009.pdf:application/pdf}
}

@article{lai2007cortical,
	title = {Cortical {Activation} {Mapping} of {Epileptiform} {Activity} {Derived} from {Interictal} {ECoG} {Spikes}},
	volume = {48},
	issn = {0013-9580, 1528-1167},
	url = {http://doi.wiley.com/10.1111/j.1528-1167.2006.00936.x},
	doi = {10.1111/j.1528-1167.2006.00936.x},
	number = {2},
	urldate = {2013-07-23},
	journal = {Epilepsia},
	author = {Lai, Yuan and van Drongelen, Wim and Hecox, Kurt and Frim, David and Kohrman, Michael and He, Bin},
	month = feb,
	year = {2007},
	pages = {305--314},
	file = {Lai et al--Cortical Activation Mapping of Epileptiform Activity Derived from Interictal--2007.pdf:/home/akhambhati/.zotero/zotero/ogos7uvj.default/zotero/storage/82JEAUI6/Lai et al--Cortical Activation Mapping of Epileptiform Activity Derived from Interictal--2007.pdf:application/pdf}
}

@article{feldt_muldoon2013spatially,
	title = {Spatially clustered neuronal assemblies comprise the microstructure of synchrony in chronically epileptic networks},
	volume = {110},
	issn = {0027-8424, 1091-6490},
	url = {http://www.pnas.org/cgi/doi/10.1073/pnas.1216958110},
	doi = {10.1073/pnas.1216958110},
	number = {9},
	urldate = {2013-07-24},
	journal = {Proceedings of the National Academy of Sciences},
	author = {Feldt Muldoon, S. and Soltesz, I. and Cossart, R.},
	month = feb,
	year = {2013},
	pages = {3567--3572},
	file = {Feldt Muldoon et al--Spatially clustered neuronal assemblies comprise the microstructure of--2013.pdf:/home/akhambhati/.zotero/zotero/ogos7uvj.default/zotero/storage/JM5RDMTV/Feldt Muldoon et al--Spatially clustered neuronal assemblies comprise the microstructure of--2013.pdf:application/pdf}
}

@article{bassett2013robust,
	title = {Robust detection of dynamic community structure in networks},
	volume = {23},
	issn = {10541500},
	url = {http://link.aip.org/link/CHAOEH/v23/i1/p013142/s1&Agg=doi},
	doi = {10.1063/1.4790830},
	urldate = {2013-08-05},
	journal = {Chaos: An Interdisciplinary Journal of Nonlinear Science},
	author = {Bassett, Danielle S. and Porter, Mason A. and Wymbs, Nicholas F. and Grafton, Scott T. and Carlson, Jean M. and Mucha, Peter J.},
	year = {2013},
	pages = {013142},
	file = {Bassett et al--Robust detection of dynamic community structure in networks--2013.pdf:/home/akhambhati/.zotero/zotero/ogos7uvj.default/zotero/storage/RPV8RZBJ/Bassett et al--Robust detection of dynamic community structure in networks--2013.pdf:application/pdf}
}

@article{kramer2011emergence,
	title = {Emergence of {Persistent} {Networks} in {Long}-{Term} {Intracranial} {EEG} {Recordings}},
	volume = {31},
	issn = {0270-6474, 1529-2401},
	url = {http://www.jneurosci.org/cgi/doi/10.1523/JNEUROSCI.2287-11.2011},
	doi = {10.1523/JNEUROSCI.2287-11.2011},
	number = {44},
	urldate = {2013-08-19},
	journal = {Journal of Neuroscience},
	author = {Kramer, M. A. and Eden, U. T. and Lepage, K. Q. and Kolaczyk, E. D. and Bianchi, M. T. and Cash, S. S.},
	month = nov,
	year = {2011},
	pages = {15757--15767},
	file = {Kramer et al--Emergence of Persistent Networks in Long-Term Intracranial EEG Recordings--2011.pdf:/home/akhambhati/.zotero/zotero/ogos7uvj.default/zotero/storage/BRCHUM8P/Kramer et al--Emergence of Persistent Networks in Long-Term Intracranial EEG Recordings--2011.pdf:application/pdf}
}

@article{schindler2006assessing,
	title = {Assessing seizure dynamics by analysing the correlation structure of multichannel intracranial {EEG}},
	volume = {130},
	issn = {0006-8950, 1460-2156},
	url = {http://www.brain.oxfordjournals.org/cgi/doi/10.1093/brain/awl304},
	doi = {10.1093/brain/awl304},
	number = {1},
	urldate = {2013-10-15},
	journal = {Brain},
	author = {Schindler, K. and Leung, H. and Elger, C. E. and Lehnertz, K.},
	month = nov,
	year = {2006},
	pages = {65--77},
	file = {Schindler et al--Assessing seizure dynamics by analysing the correlation structure of--2006.pdf:/home/akhambhati/.zotero/zotero/ogos7uvj.default/zotero/storage/IDW85E3K/Schindler et al--Assessing seizure dynamics by analysing the correlation structure of--2006.pdf:application/pdf}
}

@article{jiruska2012synchronization,
	title = {Synchronization and desynchronization in epilepsy: controversies and hypotheses},
	volume = {591},
	issn = {0022-3751},
	shorttitle = {Synchronization and desynchronization in epilepsy},
	url = {http://www.jphysiol.org/cgi/doi/10.1113/jphysiol.2012.239590},
	doi = {10.1113/jphysiol.2012.239590},
	number = {4},
	urldate = {2013-10-15},
	journal = {The Journal of Physiology},
	author = {Jiruska, P. and de Curtis, M. and Jefferys, J. G. R. and Schevon, C. A. and Schiff, S. J. and Schindler, K.},
	month = nov,
	year = {2012},
	pages = {787--797},
	file = {Jiruska et al--Synchronization and desynchronization in epilepsy--2012.pdf:/home/akhambhati/.zotero/zotero/ogos7uvj.default/zotero/storage/V2PBABQF/Jiruska et al--Synchronization and desynchronization in epilepsy--2012.pdf:application/pdf}
}

@article{schneidman2006weak,
	title = {Weak pairwise correlations imply strongly correlated network states in a neural population},
	volume = {440},
	issn = {0028-0836, 1476-4679},
	url = {http://www.nature.com/doifinder/10.1038/nature04701},
	doi = {10.1038/nature04701},
	number = {7087},
	urldate = {2013-09-04},
	journal = {Nature},
	author = {Schneidman, Elad and Berry, Michael J. and Segev, Ronen and Bialek, William},
	month = apr,
	year = {2006},
	pages = {1007--1012},
	file = {Schneidman et al--Weak pairwise correlations imply strongly correlated network states in a neural--2006.pdf:/home/akhambhati/.zotero/zotero/ogos7uvj.default/zotero/storage/UMCN4XEC/Schneidman et al--Weak pairwise correlations imply strongly correlated network states in a neural--2006.pdf:application/pdf}
}

@article{gomez2013diffusion,
	title = {Diffusion {Dynamics} on {Multiplex} {Networks}},
	volume = {110},
	issn = {0031-9007, 1079-7114},
	url = {http://link.aps.org/doi/10.1103/PhysRevLett.110.028701},
	doi = {10.1103/PhysRevLett.110.028701},
	language = {en},
	number = {2},
	urldate = {2015-06-01},
	journal = {Physical Review Letters},
	author = {Gómez, S. and Díaz-Guilera, A. and Gómez-Gardeñes, J. and Pérez-Vicente, C. J. and Moreno, Y. and Arenas, A.},
	month = jan,
	year = {2013},
	file = {Gómez et al. - 2013 - Diffusion Dynamics on Multiplex Networks.pdf:/home/akhambhati/.zotero/zotero/ogos7uvj.default/zotero/storage/MGJNURFA/Gómez et al. - 2013 - Diffusion Dynamics on Multiplex Networks.pdf:application/pdf}
}

@article{mucha2010community,
	title = {Community {Structure} in {Time}-{Dependent}, {Multiscale}, and {Multiplex} {Networks}},
	volume = {328},
	issn = {0036-8075, 1095-9203},
	url = {http://www.sciencemag.org/cgi/doi/10.1126/science.1184819},
	doi = {10.1126/science.1184819},
	urldate = {2013-09-23},
	journal = {Science},
	author = {Mucha, P. J. and Richardson, T. and Macon, K. and Porter, M. A. and Onnela, J.-P.},
	month = may,
	year = {2010},
	pages = {876--878},
	file = {Mucha et al--Community Structure in Time-Dependent, Multiscale, and Multiplex Networks--2010.pdf:/home/akhambhati/.zotero/zotero/ogos7uvj.default/zotero/storage/EXEICH8W/Mucha et al--Community Structure in Time-Dependent, Multiscale, and Multiplex Networks--2010.pdf:application/pdf;Mucha et al--Community Structure in Time-Dependent, Multiscale, and Multiplex Networks--2010.pdf:/home/akhambhati/.zotero/zotero/ogos7uvj.default/zotero/storage/CE3PMH7Z/Mucha et al--Community Structure in Time-Dependent, Multiscale, and Multiplex Networks--2010.pdf:application/pdf}
}

@article{sole-ribalta2013spectral,
	title = {Spectral properties of the {Laplacian} of multiplex networks},
	volume = {88},
	url = {http://pre.aps.org/abstract/PRE/v88/i3/e032807},
	number = {3},
	urldate = {2013-10-31},
	journal = {Physical Review E},
	author = {Sole-Ribalta, Albert and De Domenico, Manlio and Kouvaris, Nikos E. and Diaz-Guilera, Albert and Gomez, Sergio and Arenas, Alex},
	year = {2013},
	pages = {032807},
	file = {Sole-Ribalta et al--Spectral properties of the Laplacian of multiplex networks--2013.pdf:/home/akhambhati/.zotero/zotero/ogos7uvj.default/zotero/storage/5RHVV2AC/Sole-Ribalta et al--Spectral properties of the Laplacian of multiplex networks--2013.pdf:application/pdf}
}

@article{gomez2013diffusion-1,
	title = {Diffusion {Dynamics} on {Multiplex} {Networks}},
	volume = {110},
	issn = {0031-9007, 1079-7114},
	url = {http://link.aps.org/doi/10.1103/PhysRevLett.110.028701},
	doi = {10.1103/PhysRevLett.110.028701},
	number = {2},
	urldate = {2013-10-31},
	journal = {Physical Review Letters},
	author = {Gómez, S. and Díaz-Guilera, A. and Gómez-Gardeñes, J. and Pérez-Vicente, C. J. and Moreno, Y. and Arenas, A.},
	month = jan,
	year = {2013},
	file = {Gómez et al--Diffusion Dynamics on Multiplex Networks--2013.pdf:/home/akhambhati/.zotero/zotero/ogos7uvj.default/zotero/storage/P2MBNZSU/Gómez et al--Diffusion Dynamics on Multiplex Networks--2013.pdf:application/pdf}
}

@article{arenas2008synchronization,
	title = {Synchronization in complex networks},
	volume = {469},
	issn = {03701573},
	url = {http://linkinghub.elsevier.com/retrieve/pii/S0370157308003384},
	doi = {10.1016/j.physrep.2008.09.002},
	number = {3},
	urldate = {2013-10-31},
	journal = {Physics Reports},
	author = {Arenas, Alex and Díaz-Guilera, Albert and Kurths, Jurgen and Moreno, Yamir and Zhou, Changsong},
	month = dec,
	year = {2008},
	pages = {93--153},
	file = {Arenas et al--Synchronization in complex networks--2008.pdf:/home/akhambhati/.zotero/zotero/ogos7uvj.default/zotero/storage/69D5DNEU/Arenas et al--Synchronization in complex networks--2008.pdf:application/pdf}
}

@article{warren2010synchrony,
	title = {Synchrony in {Normal} and {Focal} {Epileptic} {Brain}: {The} {Seizure} {Onset} {Zone} is {Functionally} {Disconnected}},
	volume = {104},
	issn = {0022-3077, 1522-1598},
	shorttitle = {Synchrony in {Normal} and {Focal} {Epileptic} {Brain}},
	url = {http://jn.physiology.org/cgi/doi/10.1152/jn.00368.2010},
	doi = {10.1152/jn.00368.2010},
	language = {en},
	number = {6},
	urldate = {2014-03-19},
	journal = {Journal of Neurophysiology},
	author = {Warren, C. P. and Hu, S. and Stead, M. and Brinkmann, B. H. and Bower, M. R. and Worrell, G. A.},
	month = dec,
	year = {2010},
	pages = {3530--3539},
	file = {Warren et al--Synchrony in Normal and Focal Epileptic Brain--2010.pdf:/home/akhambhati/.zotero/zotero/ogos7uvj.default/zotero/storage/HE6IT6AS/Warren et al--Synchrony in Normal and Focal Epileptic Brain--2010.pdf:application/pdf}
}

@article{santarnecchi2014efficiency,
	title = {Efficiency of weak brain connections support general cognitive functioning: {Efficiency} of {Weak} and {Strong} {Brain} {Connections} and {Intelligence}},
	volume = {00},
	issn = {10659471},
	shorttitle = {Efficiency of weak brain connections support general cognitive functioning},
	url = {http://doi.wiley.com/10.1002/hbm.22495},
	doi = {10.1002/hbm.22495},
	language = {en},
	urldate = {2014-03-21},
	journal = {Human Brain Mapping},
	author = {Santarnecchi, Emiliano and Galli, Giulia and Polizzotto, Nicola Riccardo and Rossi, Alessandro and Rossi, Simone},
	month = feb,
	year = {2014},
	pages = {00--00},
	file = {Santarnecchi et al--Efficiency of weak brain connections support general cognitive functioning--2014.pdf:/home/akhambhati/.zotero/zotero/ogos7uvj.default/zotero/storage/J2EUBAJQ/Santarnecchi et al--Efficiency of weak brain connections support general cognitive functioning--2014.pdf:application/pdf}
}

@article{papo2014functional,
	title = {Functional brain networks: great expectations, hard times and the big leap forward},
	volume = {369},
	issn = {0962-8436, 1471-2970},
	shorttitle = {Functional brain networks},
	url = {http://rstb.royalsocietypublishing.org/cgi/doi/10.1098/rstb.2013.0525},
	doi = {10.1098/rstb.2013.0525},
	language = {en},
	number = {1653},
	urldate = {2015-06-04},
	journal = {Philosophical Transactions of the Royal Society B: Biological Sciences},
	author = {Papo, D. and Zanin, M. and Pineda-Pardo, J. A. and Boccaletti, S. and Buldu, J. M.},
	month = sep,
	year = {2014},
	pages = {20130525--20130525},
	file = {Papo et al. - 2014 - Functional brain networks great expectations, har.pdf:/home/akhambhati/.zotero/zotero/ogos7uvj.default/zotero/storage/5R5NBWR7/Papo et al. - 2014 - Functional brain networks great expectations, har.pdf:application/pdf}
}

@article{ortega2008synchronization,
	title = {Synchronization {Clusters} of {Interictal} {Activity} in the {Lateral} {Temporal} {Cortex} of {Epileptic} {Patients}: {Intraoperative} {Electrocorticographic} {Analysis}},
	volume = {49},
	issn = {0013-9580, 1528-1167},
	shorttitle = {Synchronization {Clusters} of {Interictal} {Activity} in the {Lateral} {Temporal} {Cortex} of {Epileptic} {Patients}},
	url = {http://doi.wiley.com/10.1111/j.1528-1167.2007.01266.x},
	doi = {10.1111/j.1528-1167.2007.01266.x},
	number = {2},
	urldate = {2014-02-22},
	journal = {Epilepsia},
	author = {Ortega, Guillermo J. and Menendez de la Prida, Liset and Sola, Rafael G. and Pastor, Jesus},
	month = feb,
	year = {2008},
	pages = {269--280},
	file = {Ortega et al--Synchronization Clusters of Interictal Activity in the Lateral Temporal Cortex--2008.pdf:/home/akhambhati/.zotero/zotero/ogos7uvj.default/zotero/storage/8KZZA735/Ortega et al--Synchronization Clusters of Interictal Activity in the Lateral Temporal Cortex--2008.pdf:application/pdf}
}

@article{wilke2011graph,
	title = {Graph analysis of epileptogenic networks in human partial epilepsy: {Graph} {Analysis} of {Epileptogenic} {Networks}},
	volume = {52},
	issn = {00139580},
	shorttitle = {Graph analysis of epileptogenic networks in human partial epilepsy},
	url = {http://doi.wiley.com/10.1111/j.1528-1167.2010.02785.x},
	doi = {10.1111/j.1528-1167.2010.02785.x},
	number = {1},
	urldate = {2014-02-22},
	journal = {Epilepsia},
	author = {Wilke, Christopher and Worrell, Gregory and He, Bin},
	month = jan,
	year = {2011},
	pages = {84--93},
	file = {Wilke et al--Graph analysis of epileptogenic networks in human partial epilepsy--2011.pdf:/home/akhambhati/.zotero/zotero/ogos7uvj.default/zotero/storage/QSZVPFF2/Wilke et al--Graph analysis of epileptogenic networks in human partial epilepsy--2011.pdf:application/pdf}
}

@article{towle1999electrocorticographic,
	title = {Electrocorticographic coherence patterns},
	volume = {16},
	number = {6},
	journal = {Journal of Clinical Neurophysiology},
	author = {Towle, Vernon and Carder, Renee and Khorasani, Leila and Lindberg, Dan},
	year = {1999},
	pages = {528}
}

@article{palmigiano2012stability,
	title = {Stability of {Synchronization} {Clusters} and {Seizurability} in {Temporal} {Lobe} {Epilepsy}},
	volume = {7},
	issn = {1932-6203},
	url = {http://dx.plos.org/10.1371/journal.pone.0041799},
	doi = {10.1371/journal.pone.0041799},
	number = {7},
	urldate = {2014-02-22},
	journal = {PLoS ONE},
	author = {Palmigiano, Agostina and Pastor, Jesús and García de Sola, Rafael and Ortega, Guillermo J.},
	editor = {Chialvo, Dante R.},
	month = jul,
	year = {2012},
	pages = {e41799},
	file = {Palmigiano et al--Stability of Synchronization Clusters and Seizurability in Temporal Lobe--2012.pdf:/home/akhambhati/.zotero/zotero/ogos7uvj.default/zotero/storage/3GFD4Z9R/Palmigiano et al--Stability of Synchronization Clusters and Seizurability in Temporal Lobe--2012.pdf:application/pdf}
}

@article{schindler2010peri-ictal,
	title = {Peri-ictal correlation dynamics of high-frequency (80–200Hz) intracranial {EEG}},
	volume = {89},
	issn = {09201211},
	url = {http://linkinghub.elsevier.com/retrieve/pii/S0920121109003465},
	doi = {10.1016/j.eplepsyres.2009.11.006},
	language = {en},
	number = {1},
	urldate = {2014-03-21},
	journal = {Epilepsy Research},
	author = {Schindler, Kaspar and Amor, Frédérique and Gast, Heidemarie and Müller, Markus and Stibal, Alexander and Mariani, Luigi and Rummel, Christian},
	month = mar,
	year = {2010},
	pages = {72--81},
	file = {Schindler et al--Peri-ictal correlation dynamics of high-frequency (80–200Hz) intracranial EEG--2010.pdf:/home/akhambhati/.zotero/zotero/ogos7uvj.default/zotero/storage/B4ZQ3DJ8/Schindler et al--Peri-ictal correlation dynamics of high-frequency (80–200Hz) intracranial EEG--2010.pdf:application/pdf}
}

@article{schindler2008evolving,
	title = {Evolving functional network properties and synchronizability during human epileptic seizures},
	volume = {18},
	issn = {10541500},
	url = {http://scitation.aip.org/content/aip/journal/chaos/18/3/10.1063/1.2966112},
	doi = {10.1063/1.2966112},
	language = {en},
	number = {3},
	urldate = {2014-03-27},
	journal = {Chaos: An Interdisciplinary Journal of Nonlinear Science},
	author = {Schindler, Kaspar A. and Bialonski, Stephan and Horstmann, Marie-Therese and Elger, Christian E. and Lehnertz, Klaus},
	year = {2008},
	pages = {033119},
	file = {Schindler et al--Evolving functional network properties and synchronizability during human--2008.pdf:/home/akhambhati/.zotero/zotero/ogos7uvj.default/zotero/storage/DWAQEWBD/Schindler et al--Evolving functional network properties and synchronizability during human--2008.pdf:application/pdf}
}

@article{bullmore2012economy,
	title = {The economy of brain network organization},
	issn = {1471-003X, 1471-0048},
	url = {http://www.nature.com/doifinder/10.1038/nrn3214},
	doi = {10.1038/nrn3214},
	urldate = {2014-04-22},
	journal = {Nature Reviews Neuroscience},
	author = {Bullmore, Ed and Sporns, Olaf},
	month = apr,
	year = {2012},
	file = {Bullmore_Sporns--The economy of brain network organization--2012.pdf:/home/akhambhati/.zotero/zotero/ogos7uvj.default/zotero/storage/GB7RZNQB/Bullmore_Sporns--The economy of brain network organization--2012.pdf:application/pdf}
}

@article{bassett2006adaptive,
	title = {Adaptive reconfiguration of fractal small-world human brain functional networks},
	volume = {103},
	url = {http://www.pnas.org/content/103/51/19518.short},
	number = {51},
	urldate = {2014-04-22},
	journal = {Proceedings of the National Academy of Sciences},
	author = {Bassett, Danielle S. and Meyer-Lindenberg, Andreas and Achard, Sophie and Duke, Thomas and Bullmore, Edward},
	year = {2006},
	pages = {19518--19523},
	file = {Bassett et al--Adaptive reconfiguration of fractal small-world human brain functional networks--2006.pdf:/home/akhambhati/.zotero/zotero/ogos7uvj.default/zotero/storage/XS3TXDCA/Bassett et al--Adaptive reconfiguration of fractal small-world human brain functional networks--2006.pdf:application/pdf}
}

@article{worrell2002evidence,
	title = {Evidence for self-organized criticality in human epileptic hippocampus},
	volume = {13},
	url = {http://journals.lww.com/neuroreport/Abstract/2002/11150/Evidence_for_self_organized_criticality_in_human.5.aspx},
	number = {16},
	urldate = {2014-04-22},
	journal = {Neuroreport},
	author = {Worrell, Gregory A. and Cranstoun, Stephen D. and Echauz, Javier and Litt, Brian},
	year = {2002},
	pages = {2017--2021},
	file = {Worrell et al--Evidence for self-organized criticality in human epileptic hippocampus--2002.pdf:/home/akhambhati/.zotero/zotero/ogos7uvj.default/zotero/storage/BEA4JGJJ/Worrell et al--Evidence for self-organized criticality in human epileptic hippocampus--2002.pdf:application/pdf}
}

@article{bassett2012altered,
	title = {Altered resting state complexity in schizophrenia},
	volume = {59},
	issn = {10538119},
	url = {http://linkinghub.elsevier.com/retrieve/pii/S1053811911011633},
	doi = {10.1016/j.neuroimage.2011.10.002},
	language = {en},
	number = {3},
	urldate = {2014-04-23},
	journal = {NeuroImage},
	author = {Bassett, Danielle S. and Nelson, Brent G. and Mueller, Bryon A. and Camchong, Jazmin and Lim, Kelvin O.},
	month = feb,
	year = {2012},
	pages = {2196--2207},
	file = {Bassett et al--Altered resting state complexity in schizophrenia--2012.pdf:/home/akhambhati/.zotero/zotero/ogos7uvj.default/zotero/storage/SD8XXQEZ/Bassett et al--Altered resting state complexity in schizophrenia--2012.pdf:application/pdf}
}

@article{litt2001epileptic,
	title = {Epileptic seizures may begin hours in advance of clinical onset: a report of five patients},
	volume = {30},
	shorttitle = {Epileptic seizures may begin hours in advance of clinical onset},
	url = {http://www.sciencedirect.com/science/article/pii/S0896627301002628},
	number = {1},
	urldate = {2014-04-29},
	journal = {Neuron},
	author = {Litt, Brian and Esteller, Rosana and Echauz, Javier and D'Alessandro, Maryann and Shor, Rachel and Henry, Thomas and Pennell, Page and Epstein, Charles and Bakay, Roy and Dichter, Marc},
	year = {2001},
	pages = {51--64},
	file = {Litt et al--Epileptic seizures may begin hours in advance of clinical onset--2001.pdf:/home/akhambhati/.zotero/zotero/ogos7uvj.default/zotero/storage/AP33GTH5/Litt et al--Epileptic seizures may begin hours in advance of clinical onset--2001.pdf:application/pdf}
}

@article{jerger2005multivariate,
	title = {Multivariate linear discrimination of seizures},
	volume = {116},
	issn = {13882457},
	url = {http://linkinghub.elsevier.com/retrieve/pii/S1388245704004602},
	doi = {10.1016/j.clinph.2004.08.023},
	language = {en},
	number = {3},
	urldate = {2014-05-20},
	journal = {Clinical Neurophysiology},
	author = {Jerger, Kristin K. and Weinstein, Steven L. and Sauer, Tim and Schiff, Steven J.},
	month = mar,
	year = {2005},
	pages = {545--551},
	file = {Jerger et al--Multivariate linear discrimination of seizures--2005.pdf:/home/akhambhati/.zotero/zotero/ogos7uvj.default/zotero/storage/WRQ6JEAC/Jerger et al--Multivariate linear discrimination of seizures--2005.pdf:application/pdf}
}

@article{ercsey-ravasz2013predictive,
	title = {A {Predictive} {Network} {Model} of {Cerebral} {Cortical} {Connectivity} {Based} on a {Distance} {Rule}},
	volume = {80},
	issn = {08966273},
	url = {http://linkinghub.elsevier.com/retrieve/pii/S0896627313006600},
	doi = {10.1016/j.neuron.2013.07.036},
	language = {en},
	number = {1},
	urldate = {2014-05-20},
	journal = {Neuron},
	author = {Ercsey-Ravasz, Mária and Markov, Nikola T. and Lamy, Camille and Van Essen, David C. and Knoblauch, Kenneth and Toroczkai, Zoltán and Kennedy, Henry},
	month = oct,
	year = {2013},
	pages = {184--197},
	file = {Ercsey-Ravasz et al--A Predictive Network Model of Cerebral Cortical Connectivity Based on a--2013.pdf:/home/akhambhati/.zotero/zotero/ogos7uvj.default/zotero/storage/6K2S7B7Z/Ercsey-Ravasz et al--A Predictive Network Model of Cerebral Cortical Connectivity Based on a--2013.pdf:application/pdf}
}

@article{cole2012global,
	title = {Global {Connectivity} of {Prefrontal} {Cortex} {Predicts} {Cognitive} {Control} and {Intelligence}},
	volume = {32},
	issn = {0270-6474, 1529-2401},
	url = {http://www.jneurosci.org/cgi/doi/10.1523/JNEUROSCI.0536-12.2012},
	doi = {10.1523/JNEUROSCI.0536-12.2012},
	language = {en},
	number = {26},
	urldate = {2014-05-20},
	journal = {Journal of Neuroscience},
	author = {Cole, M. W. and Yarkoni, T. and Repovs, G. and Anticevic, A. and Braver, T. S.},
	month = jun,
	year = {2012},
	pages = {8988--8999},
	file = {Cole et al--Global Connectivity of Prefrontal Cortex Predicts Cognitive Control and--2012.pdf:/home/akhambhati/.zotero/zotero/ogos7uvj.default/zotero/storage/ATWHWRBZ/Cole et al--Global Connectivity of Prefrontal Cortex Predicts Cognitive Control and--2012.pdf:application/pdf}
}

@article{french2007refractory,
	title = {Refractory {Epilepsy}: {Clinical} {Overview}},
	volume = {48},
	issn = {0013-9580, 1528-1167},
	shorttitle = {Refractory {Epilepsy}},
	url = {http://doi.wiley.com/10.1111/j.1528-1167.2007.00992.x},
	doi = {10.1111/j.1528-1167.2007.00992.x},
	language = {en},
	number = {S1},
	urldate = {2014-06-16},
	journal = {Epilepsia},
	author = {French, Jacqueline A.},
	month = mar,
	year = {2007},
	pages = {3--7},
	file = {French--Refractory Epilepsy--2007.pdf:/home/akhambhati/.zotero/zotero/ogos7uvj.default/zotero/storage/D6CKND95/French--Refractory Epilepsy--2007.pdf:application/pdf}
}

@article{viventi2011flexible,
	title = {Flexible, foldable, actively multiplexed, high-density electrode array for mapping brain activity in vivo},
	volume = {14},
	issn = {1097-6256, 1546-1726},
	url = {http://www.nature.com/doifinder/10.1038/nn.2973},
	doi = {10.1038/nn.2973},
	number = {12},
	urldate = {2014-06-16},
	journal = {Nature Neuroscience},
	author = {Viventi, Jonathan and Kim, Dae-Hyeong and Vigeland, Leif and Frechette, Eric S and Blanco, Justin A and Kim, Yun-Soung and Avrin, Andrew E and Tiruvadi, Vineet R and Hwang, Suk-Won and Vanleer, Ann C and Wulsin, Drausin F and Davis, Kathryn and Gelber, Casey E and Palmer, Larry and Van der Spiegel, Jan and Wu, Jian and Xiao, Jianliang and Huang, Yonggang and Contreras, Diego and Rogers, John A and Litt, Brian},
	month = nov,
	year = {2011},
	pages = {1599--1605},
	file = {Viventi et al--Flexible, foldable, actively multiplexed, high-density electrode array for--2011.pdf:/home/akhambhati/.zotero/zotero/ogos7uvj.default/zotero/storage/684DAPNA/Viventi et al--Flexible, foldable, actively multiplexed, high-density electrode array for--2011.pdf:application/pdf}
}

@article{worrell2008high-frequency,
	title = {High-frequency oscillations in human temporal lobe: simultaneous microwire and clinical macroelectrode recordings},
	volume = {131},
	issn = {0006-8950, 1460-2156},
	shorttitle = {High-frequency oscillations in human temporal lobe},
	url = {http://www.brain.oxfordjournals.org/cgi/doi/10.1093/brain/awn006},
	doi = {10.1093/brain/awn006},
	language = {en},
	number = {4},
	urldate = {2014-06-16},
	journal = {Brain},
	author = {Worrell, G. A. and Gardner, A. B. and Stead, S. M. and Hu, S. and Goerss, S. and Cascino, G. J. and Meyer, F. B. and Marsh, R. and Litt, B.},
	month = feb,
	year = {2008},
	pages = {928--937},
	file = {Worrell et al--High-frequency oscillations in human temporal lobe--2008.pdf:/home/akhambhati/.zotero/zotero/ogos7uvj.default/zotero/storage/WU9UKVJR/Worrell et al--High-frequency oscillations in human temporal lobe--2008.pdf:application/pdf}
}

@article{schevon2009spatial,
	title = {Spatial characterization of interictal high frequency oscillations in epileptic neocortex},
	volume = {132},
	issn = {0006-8950, 1460-2156},
	url = {http://www.brain.oxfordjournals.org/cgi/doi/10.1093/brain/awp222},
	doi = {10.1093/brain/awp222},
	language = {en},
	number = {11},
	urldate = {2014-06-16},
	journal = {Brain},
	author = {Schevon, C. A. and Trevelyan, A. J. and Schroeder, C. E. and Goodman, R. R. and McKhann, G. and Emerson, R. G.},
	month = nov,
	year = {2009},
	pages = {3047--3059},
	file = {Schevon et al--Spatial characterization of interictal high frequency oscillations in epileptic--2009.pdf:/home/akhambhati/.zotero/zotero/ogos7uvj.default/zotero/storage/Z5X3RR4Z/Schevon et al--Spatial characterization of interictal high frequency oscillations in epileptic--2009.pdf:application/pdf}
}

@article{stead2010microseizures,
	title = {Microseizures and the spatiotemporal scales of human partial epilepsy},
	volume = {133},
	issn = {0006-8950, 1460-2156},
	url = {http://www.brain.oxfordjournals.org/cgi/doi/10.1093/brain/awq190},
	doi = {10.1093/brain/awq190},
	language = {en},
	number = {9},
	urldate = {2014-06-16},
	journal = {Brain},
	author = {Stead, M. and Bower, M. and Brinkmann, B. H. and Lee, K. and Marsh, W. R. and Meyer, F. B. and Litt, B. and Van Gompel, J. and Worrell, G. A.},
	month = sep,
	year = {2010},
	pages = {2789--2797},
	file = {Stead et al--Microseizures and the spatiotemporal scales of human partial epilepsy--2010.pdf:/home/akhambhati/.zotero/zotero/ogos7uvj.default/zotero/storage/DAZP44B4/Stead et al--Microseizures and the spatiotemporal scales of human partial epilepsy--2010.pdf:application/pdf}
}

@article{weiss2013ictal,
	title = {Ictal high frequency oscillations distinguish two types of seizure territories in humans},
	volume = {136},
	issn = {0006-8950, 1460-2156},
	url = {http://www.brain.oxfordjournals.org/cgi/doi/10.1093/brain/awt276},
	doi = {10.1093/brain/awt276},
	language = {en},
	number = {12},
	urldate = {2014-06-16},
	journal = {Brain},
	author = {Weiss, S. A. and Banks, G. P. and McKhann, G. M. and Goodman, R. R. and Emerson, R. G. and Trevelyan, A. J. and Schevon, C. A.},
	month = dec,
	year = {2013},
	pages = {3796--3808},
	file = {Weiss et al--Ictal high frequency oscillations distinguish two types of seizure territories--2013.pdf:/home/akhambhati/.zotero/zotero/ogos7uvj.default/zotero/storage/RA7RAKHS/Weiss et al--Ictal high frequency oscillations distinguish two types of seizure territories--2013.pdf:application/pdf}
}

@article{blondel2008fast,
	title = {Fast unfolding of communities in large networks},
	volume = {2008},
	url = {http://iopscience.iop.org/1742-5468/2008/10/P10008},
	number = {10},
	urldate = {2014-06-16},
	journal = {Journal of Statistical Mechanics: Theory and Experiment},
	author = {Blondel, Vincent D. and Guillaume, Jean-Loup and Lambiotte, Renaud and Lefebvre, Etienne},
	year = {2008},
	pages = {P10008},
	file = {Blondel et al--Fast unfolding of communities in large networks--2008.pdf:/home/akhambhati/.zotero/zotero/ogos7uvj.default/zotero/storage/V4WCQ4JX/Blondel et al--Fast unfolding of communities in large networks--2008.pdf:application/pdf}
}

@article{porter2009communities,
	title = {Communities in networks},
	volume = {56},
	url = {http://www.ams.org/notices/200909/rtx090901082p.pdf},
	number = {9},
	urldate = {2014-06-16},
	journal = {Notices of the AMS},
	author = {Porter, Mason A. and Onnela, Jukka-Pekka and Mucha, Peter J.},
	year = {2009},
	pages = {1082--1097},
	file = {Porter et al--Communities in networks--2009.pdf:/home/akhambhati/.zotero/zotero/ogos7uvj.default/zotero/storage/XBQBEA85/Porter et al--Communities in networks--2009.pdf:application/pdf}
}

@article{girvan2002community,
	title = {Community structure in social and biological networks},
	volume = {99},
	url = {http://www.pnas.org/content/99/12/7821.short},
	number = {12},
	urldate = {2014-06-16},
	journal = {Proceedings of the National Academy of Sciences},
	author = {Girvan, Michelle and Newman, Mark EJ},
	year = {2002},
	pages = {7821--7826},
	file = {Girvan_Newman--Community structure in social and biological networks--2002.pdf:/home/akhambhati/.zotero/zotero/ogos7uvj.default/zotero/storage/G5A9WI5J/Girvan_Newman--Community structure in social and biological networks--2002.pdf:application/pdf}
}

@article{lancichinetti2012consensus,
	title = {Consensus clustering in complex networks},
	volume = {2},
	issn = {2045-2322},
	url = {http://www.nature.com/doifinder/10.1038/srep00336},
	doi = {10.1038/srep00336},
	number = {336},
	urldate = {2014-06-16},
	journal = {Scientific Reports},
	author = {Lancichinetti, Andrea and Fortunato, Santo},
	month = mar,
	year = {2012},
	pages = {1--7},
	file = {Lancichinetti_Fortunato--Consensus clustering in complex networks--2012.pdf:/home/akhambhati/.zotero/zotero/ogos7uvj.default/zotero/storage/C554SDSM/Lancichinetti_Fortunato--Consensus clustering in complex networks--2012.pdf:application/pdf}
}

@article{grefkes2011reorganization,
	title = {Reorganization of cerebral networks after stroke: new insights from neuroimaging with connectivity approaches},
	volume = {134},
	issn = {0006-8950, 1460-2156},
	shorttitle = {Reorganization of cerebral networks after stroke},
	url = {http://www.brain.oxfordjournals.org/cgi/doi/10.1093/brain/awr033},
	doi = {10.1093/brain/awr033},
	language = {en},
	number = {5},
	urldate = {2014-06-24},
	journal = {Brain},
	author = {Grefkes, C. and Fink, G. R.},
	month = may,
	year = {2011},
	pages = {1264--1276},
	file = {Grefkes_Fink--Reorganization of cerebral networks after stroke--2011.pdf:/home/akhambhati/.zotero/zotero/ogos7uvj.default/zotero/storage/NKJDGIDA/Grefkes_Fink--Reorganization of cerebral networks after stroke--2011.pdf:application/pdf}
}

@article{wang2010dynamic,
	title = {Dynamic functional reorganization of the motor execution network after stroke},
	volume = {133},
	issn = {0006-8950, 1460-2156},
	url = {http://www.brain.oxfordjournals.org/cgi/doi/10.1093/brain/awq043},
	doi = {10.1093/brain/awq043},
	language = {en},
	number = {4},
	urldate = {2014-06-24},
	journal = {Brain},
	author = {Wang, L. and Yu, C. and Chen, H. and Qin, W. and He, Y. and Fan, F. and Zhang, Y. and Wang, M. and Li, K. and Zang, Y. and Woodward, T. S. and Zhu, C.},
	month = apr,
	year = {2010},
	pages = {1224--1238},
	file = {Wang et al--Dynamic functional reorganization of the motor execution network after stroke--2010.pdf:/home/akhambhati/.zotero/zotero/ogos7uvj.default/zotero/storage/J8DJPH59/Wang et al--Dynamic functional reorganization of the motor execution network after stroke--2010.pdf:application/pdf}
}

@article{newman2006modularity,
	title = {Modularity and community structure in networks},
	volume = {103},
	url = {http://www.pnas.org/content/103/23/8577.short},
	number = {23},
	urldate = {2014-06-24},
	journal = {Proceedings of the National Academy of Sciences},
	author = {Newman, Mark EJ},
	year = {2006},
	pages = {8577--8582},
	file = {Newman--Modularity and community structure in networks--2006.pdf:/home/akhambhati/.zotero/zotero/ogos7uvj.default/zotero/storage/9SJEVHFT/Newman--Modularity and community structure in networks--2006.pdf:application/pdf}
}

@article{newman2004finding,
	title = {Finding and evaluating community structure in networks},
	volume = {69},
	issn = {1539-3755, 1550-2376},
	url = {http://link.aps.org/doi/10.1103/PhysRevE.69.026113},
	doi = {10.1103/PhysRevE.69.026113},
	language = {en},
	number = {2},
	urldate = {2014-06-24},
	journal = {Physical Review E},
	author = {Newman, M. and Girvan, M.},
	month = feb,
	year = {2004},
	pages = {1--15},
	file = {Newman_Girvan--Finding and evaluating community structure in networks--2004.pdf:/home/akhambhati/.zotero/zotero/ogos7uvj.default/zotero/storage/GFZ3QSWF/Newman_Girvan--Finding and evaluating community structure in networks--2004.pdf:application/pdf}
}

@article{ekman2012predicting,
	title = {Predicting errors from reconfiguration patterns in human brain networks},
	volume = {109},
	issn = {0027-8424, 1091-6490},
	url = {http://www.pnas.org/cgi/doi/10.1073/pnas.1207523109},
	doi = {10.1073/pnas.1207523109},
	language = {en},
	number = {41},
	urldate = {2014-06-24},
	journal = {Proceedings of the National Academy of Sciences},
	author = {Ekman, M. and Derrfuss, J. and Tittgemeyer, M. and Fiebach, C. J.},
	month = oct,
	year = {2012},
	pages = {16714--16719},
	file = {Ekman et al--Predicting errors from reconfiguration patterns in human brain networks--2012.pdf:/home/akhambhati/.zotero/zotero/ogos7uvj.default/zotero/storage/I63P7JDF/Ekman et al--Predicting errors from reconfiguration patterns in human brain networks--2012.pdf:application/pdf}
}

@article{holme2012temporal,
	title = {Temporal networks},
	volume = {519},
	url = {http://www.sciencedirect.com/science/article/pii/S0370157312000841},
	number = {3},
	urldate = {2014-06-24},
	journal = {Physics reports},
	author = {Holme, Petter and Saramäki, Jari},
	year = {2012},
	pages = {97--125},
	file = {Holme_Saramäki--Temporal networks--2012.pdf:/home/akhambhati/.zotero/zotero/ogos7uvj.default/zotero/storage/SXNJ7ATR/Holme_Saramäki--Temporal networks--2012.pdf:application/pdf}
}

@article{fortunato2007resolution,
	title = {Resolution limit in community detection},
	volume = {104},
	url = {http://www.pnas.org/content/104/1/36.short},
	number = {1},
	urldate = {2014-06-24},
	journal = {Proceedings of the National Academy of Sciences},
	author = {Fortunato, Santo and Barthelemy, Marc},
	year = {2007},
	pages = {36--41},
	file = {Fortunato_Barthelemy--Resolution limit in community detection--2007.pdf:/home/akhambhati/.zotero/zotero/ogos7uvj.default/zotero/storage/9CVII8EE/Fortunato_Barthelemy--Resolution limit in community detection--2007.pdf:application/pdf}
}

@article{fortunato2010community,
	title = {Community detection in graphs},
	volume = {486},
	issn = {03701573},
	url = {http://linkinghub.elsevier.com/retrieve/pii/S0370157309002841},
	doi = {10.1016/j.physrep.2009.11.002},
	language = {en},
	number = {3-5},
	urldate = {2014-06-25},
	journal = {Physics Reports},
	author = {Fortunato, Santo},
	month = feb,
	year = {2010},
	pages = {75--174},
	file = {Fortunato--Community detection in graphs--2010.pdf:/home/akhambhati/.zotero/zotero/ogos7uvj.default/zotero/storage/AUSHNT23/Fortunato--Community detection in graphs--2010.pdf:application/pdf}
}

@article{reichardt2006statistical,
	title = {Statistical mechanics of community detection},
	volume = {74},
	issn = {1539-3755, 1550-2376},
	url = {http://link.aps.org/doi/10.1103/PhysRevE.74.016110},
	doi = {10.1103/PhysRevE.74.016110},
	language = {en},
	number = {1},
	urldate = {2014-06-25},
	journal = {Physical Review E},
	author = {Reichardt, Jörg and Bornholdt, Stefan},
	month = jul,
	year = {2006},
	file = {Reichardt_Bornholdt--Statistical mechanics of community detection--2006.pdf:/home/akhambhati/.zotero/zotero/ogos7uvj.default/zotero/storage/MDAIUV9Z/Reichardt_Bornholdt--Statistical mechanics of community detection--2006.pdf:application/pdf}
}

@article{brandes2008modularity,
	title = {On {Modularity} {Clustering}},
	volume = {20},
	issn = {1041-4347},
	url = {http://ieeexplore.ieee.org/lpdocs/epic03/wrapper.htm?arnumber=4358966},
	doi = {10.1109/TKDE.2007.190689},
	number = {2},
	urldate = {2014-06-25},
	journal = {IEEE Transactions on Knowledge and Data Engineering},
	author = {Brandes, U. and Delling, D. and Gaertler, M. and Gorke, R. and Hoefer, M. and Nikoloski, Z. and Wagner, D.},
	month = feb,
	year = {2008},
	pages = {172--188},
	file = {Brandes et al--On Modularity Clustering--2008.pdf:/home/akhambhati/.zotero/zotero/ogos7uvj.default/zotero/storage/S8H5VNW8/Brandes et al--On Modularity Clustering--2008.pdf:application/pdf}
}

@article{wendling2003epileptic,
	title = {Epileptic fast intracerebral {EEG} activity: evidence for spatial decorrelation at seizure onset},
	volume = {126},
	issn = {14602156},
	shorttitle = {Epileptic fast intracerebral {EEG} activity},
	url = {http://www.brain.oupjournals.org/cgi/doi/10.1093/brain/awg144},
	doi = {10.1093/brain/awg144},
	number = {6},
	urldate = {2014-06-27},
	journal = {Brain},
	author = {Wendling, F.},
	year = {2003},
	pages = {1449--1459},
	file = {Wendling--Epileptic fast intracerebral EEG activity--2003.pdf:/home/akhambhati/.zotero/zotero/ogos7uvj.default/zotero/storage/ITSBKSVB/Wendling--Epileptic fast intracerebral EEG activity--2003.pdf:application/pdf}
}

@inproceedings{wagenaar2013multimodal,
	title = {A multimodal platform for cloud-based collaborative research},
	url = {http://ieeexplore.ieee.org/xpls/abs_all.jsp?arnumber=6696201},
	urldate = {2014-07-03},
	booktitle = {Neural {Engineering} ({NER}), 2013 6th {International} {IEEE}/{EMBS} {Conference}},
	publisher = {IEEE},
	author = {Wagenaar, Joost B. and Brinkmann, Benjamin H. and Ives, Zachary and Worrell, Gregory A. and Litt, Brian},
	year = {2013},
	pages = {1386--1389},
	file = {Wagenaar et al--A multimodal platform for cloud-based collaborative research--2013.pdf:/home/akhambhati/.zotero/zotero/ogos7uvj.default/zotero/storage/QSQU6G8A/Wagenaar et al--A multimodal platform for cloud-based collaborative research--2013.pdf:application/pdf}
}

@article{siegel2001medically,
	title = {Medically intractable, localization-related epilepsy with normal {MRI}: presurgical evaluation and surgical outcome in 43 patients},
	volume = {42},
	shorttitle = {Medically intractable, localization-related epilepsy with normal {MRI}},
	url = {http://onlinelibrary.wiley.com/doi/10.1046/j.1528-1157.2001.042007883.x/full},
	number = {7},
	urldate = {2014-07-08},
	journal = {Epilepsia},
	author = {Siegel, Adrian M. and Jobst, Barbara C. and Thadani, Vijay M. and Rhodes, C. Harker and Lewis, Petra J. and Roberts, David W. and Williamson, Peter D.},
	year = {2001},
	pages = {883--888},
	file = {Siegel et al--Medically intractable, localization-related epilepsy with normal MRI--2001.pdf:/home/akhambhati/.zotero/zotero/ogos7uvj.default/zotero/storage/A9VB3QAB/Siegel et al--Medically intractable, localization-related epilepsy with normal MRI--2001.pdf:application/pdf}
}

@article{kutsy1999ictal,
	title = {Ictal patterns of neocortical seizures monitored with intracranial electrodes: correlation with surgical outcome},
	volume = {40},
	shorttitle = {Ictal patterns of neocortical seizures monitored with intracranial electrodes},
	url = {http://onlinelibrary.wiley.com/doi/10.1111/j.1528-1157.1999.tb00702.x/full},
	number = {3},
	urldate = {2014-07-08},
	journal = {Epilepsia},
	author = {Kutsy, Roman L. and Farrell, Donald F. and Ojemann, George A.},
	year = {1999},
	pages = {257--266},
	file = {Kutsy et al--Ictal patterns of neocortical seizures monitored with intracranial electrodes--1999.pdf:/home/akhambhati/.zotero/zotero/ogos7uvj.default/zotero/storage/3RBRVSEV/Kutsy et al--Ictal patterns of neocortical seizures monitored with intracranial electrodes--1999.pdf:application/pdf}
}

@article{liu2011controllability,
	title = {Controllability of complex networks},
	volume = {473},
	issn = {0028-0836, 1476-4687},
	url = {http://www.nature.com/doifinder/10.1038/nature10011},
	doi = {10.1038/nature10011},
	number = {7346},
	urldate = {2014-07-09},
	journal = {Nature},
	author = {Liu, Yang-Yu and Slotine, Jean-Jacques and Barabási, Albert-László},
	month = may,
	year = {2011},
	pages = {167--173},
	file = {Liu et al--Controllability of complex networks--2011.pdf:/home/akhambhati/.zotero/zotero/ogos7uvj.default/zotero/storage/2RKCNVG9/Liu et al--Controllability of complex networks--2011.pdf:application/pdf}
}

@article{gu2014controllability,
	title = {Controllability of {Brain} {Networks}},
	url = {http://arxiv.org/abs/1406.5197},
	urldate = {2014-07-11},
	journal = {arXiv preprint arXiv:1406.5197},
	author = {Gu, Shi and Pasqualetti, Fabio and Cieslak, Matthew and Grafton, Scott T. and Bassett, Danielle S.},
	year = {2014},
	file = {Gu et al--Controllability of Brain Networks--2014.pdf:/home/akhambhati/.zotero/zotero/ogos7uvj.default/zotero/storage/39N6PIWI/Gu et al--Controllability of Brain Networks--2014.pdf:application/pdf}
}

@article{prieto2009fortran,
	title = {A {Fortran} 90 library for multitaper spectrum analysis},
	volume = {35},
	issn = {00983004},
	url = {http://linkinghub.elsevier.com/retrieve/pii/S0098300409000077},
	doi = {10.1016/j.cageo.2008.06.007},
	language = {en},
	number = {8},
	urldate = {2015-06-05},
	journal = {Computers \& Geosciences},
	author = {Prieto, G.A. and Parker, R.L. and Vernon III, F.L.},
	month = aug,
	year = {2009},
	pages = {1701--1710},
	file = {Prieto et al. - 2009 - A Fortran 90 library for multitaper spectrum analy.pdf:/home/akhambhati/.zotero/zotero/ogos7uvj.default/zotero/storage/CQ9SWHBK/Prieto et al. - 2009 - A Fortran 90 library for multitaper spectrum analy.pdf:application/pdf}
}

@article{kwan2000early,
	title = {Early identification of refractory epilepsy},
	volume = {342},
	url = {http://www.nejm.org/doi/full/10.1056/NEJM200002033420503},
	number = {5},
	urldate = {2014-09-08},
	journal = {New England Journal of Medicine},
	author = {Kwan, Patrick and Brodie, Martin J.},
	year = {2000},
	pages = {314--319},
	file = {Kwan_Brodie--Early identification of refractory epilepsy--2000.pdf:/home/akhambhati/.zotero/zotero/ogos7uvj.default/zotero/storage/EHXJBMVF/Kwan_Brodie--Early identification of refractory epilepsy--2000.pdf:application/pdf}
}

@article{monto2007epileptogenic,
	title = {Epileptogenic {Neocortical} {Networks} {Are} {Revealed} by {Abnormal} {Temporal} {Dynamics} in {Seizure}-{Free} {Subdural} {EEG}},
	volume = {17},
	issn = {1047-3211, 1460-2199},
	url = {http://www.cercor.oxfordjournals.org/cgi/doi/10.1093/cercor/bhl049},
	doi = {10.1093/cercor/bhl049},
	language = {en},
	number = {6},
	urldate = {2014-08-07},
	journal = {Cerebral Cortex},
	author = {Monto, S. and Vanhatalo, S. and Holmes, M. D. and Palva, J. M.},
	month = jun,
	year = {2007},
	pages = {1386--1393},
	file = {Monto et al--Epileptogenic Neocortical Networks Are Revealed by Abnormal Temporal Dynamics--2007.pdf:/home/akhambhati/.zotero/zotero/ogos7uvj.default/zotero/storage/XZV64HSH/Monto et al--Epileptogenic Neocortical Networks Are Revealed by Abnormal Temporal Dynamics--2007.pdf:application/pdf}
}

@article{korzeniewska2014ictal,
	title = {Ictal propagation of high frequency activity is recapitulated in interictal recordings: {Effective} connectivity of epileptogenic networks recorded with intracranial {EEG}},
	volume = {101},
	issn = {10538119},
	shorttitle = {Ictal propagation of high frequency activity is recapitulated in interictal recordings},
	url = {http://linkinghub.elsevier.com/retrieve/pii/S1053811914005552},
	doi = {10.1016/j.neuroimage.2014.06.078},
	language = {en},
	urldate = {2014-08-20},
	journal = {NeuroImage},
	author = {Korzeniewska, A. and Cervenka, M.C. and Jouny, C.C. and Perilla, J.R. and Harezlak, J. and Bergey, G.K. and Franaszczuk, P.J. and Crone, N.E.},
	month = nov,
	year = {2014},
	pages = {96--113},
	file = {Korzeniewska et al--Ictal propagation of high frequency activity is recapitulated in interictal--2014.pdf:/home/akhambhati/.zotero/zotero/ogos7uvj.default/zotero/storage/X6TWJPSV/Korzeniewska et al--Ictal propagation of high frequency activity is recapitulated in interictal--2014.pdf:application/pdf}
}

@article{bower2012spatiotemporal,
	title = {Spatiotemporal neuronal correlates of seizure generation in focal epilepsy: {Neuronal} {Correlates} {Outside} the {Focus}},
	volume = {53},
	issn = {00139580},
	shorttitle = {Spatiotemporal neuronal correlates of seizure generation in focal epilepsy},
	url = {http://doi.wiley.com/10.1111/j.1528-1167.2012.03417.x},
	doi = {10.1111/j.1528-1167.2012.03417.x},
	language = {en},
	number = {5},
	urldate = {2014-08-20},
	journal = {Epilepsia},
	author = {Bower, Mark R. and Stead, Matt and Meyer, Fredric B. and Marsh, W. Richard and Worrell, Gregory A.},
	month = may,
	year = {2012},
	pages = {807--816},
	file = {Bower et al--Spatiotemporal neuronal correlates of seizure generation in focal epilepsy--2012.pdf:/home/akhambhati/.zotero/zotero/ogos7uvj.default/zotero/storage/44C2U2P2/Bower et al--Spatiotemporal neuronal correlates of seizure generation in focal epilepsy--2012.pdf:application/pdf}
}

@article{lehnertz2014evolving,
	title = {Evolving networks in the human epileptic brain},
	volume = {267},
	issn = {01672789},
	url = {http://linkinghub.elsevier.com/retrieve/pii/S0167278913001826},
	doi = {10.1016/j.physd.2013.06.009},
	language = {en},
	urldate = {2014-09-08},
	journal = {Physica D: Nonlinear Phenomena},
	author = {Lehnertz, Klaus and Ansmann, Gerrit and Bialonski, Stephan and Dickten, Henning and Geier, Christian and Porz, Stephan},
	year = {2014},
	pages = {7--15},
	file = {Lehnertz et al--Evolving networks in the human epileptic brain--2014.pdf:/home/akhambhati/.zotero/zotero/ogos7uvj.default/zotero/storage/AWADUGKD/Lehnertz et al--Evolving networks in the human epileptic brain--2014.pdf:application/pdf}
}

@article{spencer2002neural,
	title = {Neural networks in human epilepsy: evidence of and implications for treatment},
	volume = {43},
	shorttitle = {Neural networks in human epilepsy},
	url = {http://onlinelibrary.wiley.com/doi/10.1046/j.1528-1157.2002.26901.x/full},
	number = {3},
	urldate = {2014-09-08},
	journal = {Epilepsia},
	author = {Spencer, Susan S.},
	year = {2002},
	pages = {219--227},
	file = {Spencer--Neural networks in human epilepsy--2002.pdf:/home/akhambhati/.zotero/zotero/ogos7uvj.default/zotero/storage/A482R4RH/Spencer--Neural networks in human epilepsy--2002.pdf:application/pdf}
}

@article{kramer2012epilepsy,
	title = {Epilepsy as a {Disorder} of {Cortical} {Network} {Organization}},
	volume = {18},
	issn = {1073-8584, 1089-4098},
	url = {http://nro.sagepub.com/cgi/doi/10.1177/1073858411422754},
	doi = {10.1177/1073858411422754},
	language = {en},
	number = {4},
	urldate = {2014-09-08},
	journal = {The Neuroscientist},
	author = {Kramer, M. A. and Cash, S. S.},
	month = aug,
	year = {2012},
	pages = {360--372},
	file = {Kramer_Cash--Epilepsy as a Disorder of Cortical Network Organization--2012.pdf:/home/akhambhati/.zotero/zotero/ogos7uvj.default/zotero/storage/XZZK7XUI/Kramer_Cash--Epilepsy as a Disorder of Cortical Network Organization--2012.pdf:application/pdf}
}

@article{wang2002pinning,
	title = {Pinning control of scale-free dynamical networks},
	volume = {310},
	url = {http://www.sciencedirect.com/science/article/pii/S0378437102007720},
	number = {3},
	urldate = {2014-10-14},
	journal = {Physica A: Statistical Mechanics and its Applications},
	author = {Wang, Xiao Fan and Chen, Guanrong},
	year = {2002},
	pages = {521--531},
	file = {Wang_Chen--Pinning control of scale-free dynamical networks--2002.pdf:/home/akhambhati/.zotero/zotero/ogos7uvj.default/zotero/storage/AC4RWRNU/Wang_Chen--Pinning control of scale-free dynamical networks--2002.pdf:application/pdf}
}

@article{buzsaki2012origin,
	title = {The origin of extracellular fields and currents — {EEG}, {ECoG}, {LFP} and spikes},
	volume = {13},
	issn = {1471-003X, 1471-0048},
	url = {http://www.nature.com/doifinder/10.1038/nrn3241},
	doi = {10.1038/nrn3241},
	number = {6},
	urldate = {2014-09-17},
	journal = {Nature Reviews Neuroscience},
	author = {Buzsáki, György and Anastassiou, Costas A. and Koch, Christof},
	month = may,
	year = {2012},
	pages = {407--420},
	file = {Buzsáki et al--The origin of extracellular fields and currents — EEG, ECoG, LFP and spikes--2012.pdf:/home/akhambhati/.zotero/zotero/ogos7uvj.default/zotero/storage/C2WMPPCF/Buzsáki et al--The origin of extracellular fields and currents — EEG, ECoG, LFP and spikes--2012.pdf:application/pdf}
}

@article{he2014control,
	title = {Control for a synchronization-desynchronization switch},
	volume = {90},
	issn = {1539-3755, 1550-2376},
	url = {http://link.aps.org/doi/10.1103/PhysRevE.90.012909},
	doi = {10.1103/PhysRevE.90.012909},
	language = {en},
	number = {1},
	urldate = {2014-09-19},
	journal = {Physical Review E},
	author = {He, Zhiwei and Wang, Xingang and Zhang, Guo-Yong and Zhan, Meng},
	month = jul,
	year = {2014},
	file = {He et al--Control for a synchronization-desynchronization switch--2014.pdf:/home/akhambhati/.zotero/zotero/ogos7uvj.default/zotero/storage/XBSC4RUH/He et al--Control for a synchronization-desynchronization switch--2014.pdf:application/pdf}
}

@article{leonardi2013principal,
	title = {Principal components of functional connectivity: {A} new approach to study dynamic brain connectivity during rest},
	volume = {83},
	issn = {10538119},
	shorttitle = {Principal components of functional connectivity},
	url = {http://linkinghub.elsevier.com/retrieve/pii/S105381191300774X},
	doi = {10.1016/j.neuroimage.2013.07.019},
	language = {en},
	urldate = {2014-09-21},
	journal = {NeuroImage},
	author = {Leonardi, Nora and Richiardi, Jonas and Gschwind, Markus and Simioni, Samanta and Annoni, Jean-Marie and Schluep, Myriam and Vuilleumier, Patrik and Van De Ville, Dimitri},
	month = dec,
	year = {2013},
	pages = {937--950},
	file = {Leonardi et al--Principal components of functional connectivity--2013.pdf:/home/akhambhati/.zotero/zotero/ogos7uvj.default/zotero/storage/NSJU9URA/Leonardi et al--Principal components of functional connectivity--2013.pdf:application/pdf}
}

@inproceedings{eavani2013unsupervised,
	title = {Unsupervised learning of functional network dynamics in resting state {fMRI}},
	url = {http://link.springer.com/chapter/10.1007/978-3-642-38868-2_36},
	urldate = {2014-09-21},
	booktitle = {Information {Processing} in {Medical} {Imaging}},
	publisher = {Springer},
	author = {Eavani, Harini and Satterthwaite, Theodore D. and Gur, Raquel E. and Gur, Ruben C. and Davatzikos, Christos},
	year = {2013},
	pages = {426--437},
	file = {Eavani et al--Unsupervised learning of functional network dynamics in resting state fMRI--2013.pdf:/home/akhambhati/.zotero/zotero/ogos7uvj.default/zotero/storage/T8I5DUIB/Eavani et al--Unsupervised learning of functional network dynamics in resting state fMRI--2013.pdf:application/pdf}
}

@article{lee1999learning,
	title = {Learning the parts of objects by non-negative matrix factorization},
	volume = {401},
	number = {6755},
	journal = {Nature},
	author = {Lee, Daniel and Seung, Sebastien},
	year = {1999},
	pages = {788--791},
	file = {Lee_Seung--Learning the parts of objects by non-negative matrix factorization--1999.pdf:/home/akhambhati/.zotero/zotero/ogos7uvj.default/zotero/storage/NB9SSQW2/Lee_Seung--Learning the parts of objects by non-negative matrix factorization--1999.pdf:application/pdf}
}

@article{leonardi2014disentangling,
	title = {Disentangling dynamic networks: {Separated} and joint expressions of functional connectivity patterns in time: {Disentangling} {Dynamic} {Networks}},
	issn = {10659471},
	shorttitle = {Disentangling dynamic networks},
	url = {http://doi.wiley.com/10.1002/hbm.22599},
	doi = {10.1002/hbm.22599},
	language = {en},
	urldate = {2014-09-29},
	journal = {Human Brain Mapping},
	author = {Leonardi, Nora and Shirer, William R. and Greicius, Michael D. and Van De Ville, Dimitri},
	month = jul,
	year = {2014},
	pages = {n/a--n/a},
	file = {Leonardi et al--Disentangling dynamic networks--2014.pdf:/home/akhambhati/.zotero/zotero/ogos7uvj.default/zotero/storage/SG2RIW2K/Leonardi et al--Disentangling dynamic networks--2014.pdf:application/pdf}
}

@article{wu2010removing,
	title = {Removing interictal fast ripples on electrocorticography linked with seizure freedom in children},
	volume = {75},
	url = {http://www.neurology.org/content/75/19/1686.short},
	number = {19},
	urldate = {2014-09-30},
	journal = {Neurology},
	author = {Wu, J. Y. and Sankar, R. and Lerner, J. T. and Matsumoto, J. H. and Vinters, H. V. and Mathern, G. W.},
	year = {2010},
	pages = {1686--1694},
	file = {Wu et al--Removing interictal fast ripples on electrocorticography linked with seizure--2010.pdf:/home/akhambhati/.zotero/zotero/ogos7uvj.default/zotero/storage/37PAT35U/Wu et al--Removing interictal fast ripples on electrocorticography linked with seizure--2010.pdf:application/pdf}
}

@incollection{crone2006high-frequency,
	title = {High-frequency gamma oscillations and human brain mapping with electrocorticography},
	volume = {159},
	isbn = {978-0-444-52183-5},
	url = {http://linkinghub.elsevier.com/retrieve/pii/S0079612306590193},
	language = {en},
	urldate = {2014-11-14},
	booktitle = {Progress in {Brain} {Research}},
	publisher = {Elsevier},
	author = {Crone, Nathan E. and Sinai, Alon and Korzeniewska, Anna},
	year = {2006},
	pages = {275--295},
	file = {Crone et al--High-frequency gamma oscillations and human brain mapping with--2006.pdf:/home/akhambhati/.zotero/zotero/ogos7uvj.default/zotero/storage/HDWF29SS/Crone et al--High-frequency gamma oscillations and human brain mapping with--2006.pdf:application/pdf}
}

@article{burns2014network,
	title = {Network dynamics of the brain and influence of the epileptic seizure onset zone},
	issn = {0027-8424, 1091-6490},
	url = {http://www.pnas.org/lookup/doi/10.1073/pnas.1401752111},
	doi = {10.1073/pnas.1401752111},
	language = {en},
	urldate = {2014-12-01},
	journal = {Proceedings of the National Academy of Sciences},
	author = {Burns, Samuel P. and Santaniello, Sabato and Yaffe, Robert B. and Jouny, Christophe C. and Crone, Nathan E. and Bergey, Gregory K. and Anderson, William S. and Sarma, Sridevi V.},
	month = nov,
	year = {2014},
	pages = {201401752},
	file = {Burns et al--Network dynamics of the brain and influence of the epileptic seizure onset zone--2014.pdf:/home/akhambhati/.zotero/zotero/ogos7uvj.default/zotero/storage/IZJHFVU7/Burns et al--Network dynamics of the brain and influence of the epileptic seizure onset zone--2014.pdf:application/pdf}
}

@article{fu2012synchronous,
	title = {Synchronous patterns in complex systems},
	volume = {85},
	issn = {1539-3755, 1550-2376},
	url = {http://link.aps.org/doi/10.1103/PhysRevE.85.066208},
	doi = {10.1103/PhysRevE.85.066208},
	language = {en},
	number = {6},
	urldate = {2014-10-07},
	journal = {Physical Review E},
	author = {Fu, Chenbo and Zhang, Hong and Zhan, Meng and Wang, Xingang},
	month = jun,
	year = {2012},
	file = {Fu et al--Synchronous patterns in complex systems--2012.pdf:/home/akhambhati/.zotero/zotero/ogos7uvj.default/zotero/storage/H47GSNAA/Fu et al--Synchronous patterns in complex systems--2012.pdf:application/pdf}
}

@article{fu2014synchronization,
	title = {Synchronization transition in networked chaotic oscillators: {The} viewpoint from partial synchronization},
	volume = {89},
	issn = {1539-3755, 1550-2376},
	shorttitle = {Synchronization transition in networked chaotic oscillators},
	url = {http://link.aps.org/doi/10.1103/PhysRevE.89.052908},
	doi = {10.1103/PhysRevE.89.052908},
	language = {en},
	number = {5},
	urldate = {2014-10-07},
	journal = {Physical Review E},
	author = {Fu, Chenbo and Lin, Weijie and Huang, Liang and Wang, Xingang},
	month = may,
	year = {2014},
	file = {Fu et al--Synchronization transition in networked chaotic oscillators--2014.pdf:/home/akhambhati/.zotero/zotero/ogos7uvj.default/zotero/storage/HZIF33VP/Fu et al--Synchronization transition in networked chaotic oscillators--2014.pdf:application/pdf}
}

@inproceedings{esteller1999fractal,
	title = {Fractal dimension characterizes seizure onset in epileptic patients},
	volume = {4},
	url = {http://ieeexplore.ieee.org/xpls/abs_all.jsp?arnumber=758408},
	urldate = {2014-10-14},
	booktitle = {Acoustics, {Speech}, and {Signal} {Processing}, 1999. {Proceedings}., 1999 {IEEE} {International} {Conference} on},
	publisher = {IEEE},
	author = {Esteller, R. and Vachtsevanos, G. and Echauz, J. and Henry, T. and Pennell, P. and Epstein, C. and Bakay, R. and Bowen, C. and Litt, B.},
	year = {1999},
	pages = {2343--2346},
	file = {Esteller et al--Fractal dimension characterizes seizure onset in epileptic patients--1999.pdf:/home/akhambhati/.zotero/zotero/ogos7uvj.default/zotero/storage/XWWCBW39/Esteller et al--Fractal dimension characterizes seizure onset in epileptic patients--1999.pdf:application/pdf}
}

@article{wang2002synchronization,
	title = {Synchronization in scale-free dynamical networks: robustness and fragility},
	volume = {49},
	shorttitle = {Synchronization in scale-free dynamical networks},
	url = {http://ieeexplore.ieee.org/xpls/abs_all.jsp?arnumber=974874},
	number = {1},
	urldate = {2014-10-15},
	journal = {Circuits and Systems I: Fundamental Theory and Applications, IEEE Transactions on},
	author = {Wang, Xiao Fan and Chen, Guanrong},
	year = {2002},
	pages = {54--62},
	file = {Wang_Chen--Synchronization in scale-free dynamical networks--2002.pdf:/home/akhambhati/.zotero/zotero/ogos7uvj.default/zotero/storage/J3GE566J/Wang_Chen--Synchronization in scale-free dynamical networks--2002.pdf:application/pdf}
}

@article{afshar2013translational,
	title = {A translational platform for prototyping closed-loop neuromodulation systems},
	volume = {6},
	issn = {1662-5110},
	url = {http://journal.frontiersin.org/Journal/10.3389/fncir.2012.00117/full},
	doi = {10.3389/fncir.2012.00117},
	urldate = {2014-10-18},
	journal = {Frontiers in Neural Circuits},
	author = {Afshar, Pedram and Khambhati, Ankit N. and Stanslaski, Scott and Carlson, David and Jensen, Randy and Linde, Dave and Dani, Siddharth and Lazarewicz, Maciej and Cong, Peng and Giftakis, Jon and Stypulkowski, Paul and Denison, Tim},
	year = {2013},
	pages = {1--15},
	file = {Afshar et al--A translational platform for prototyping closed-loop neuromodulation systems--2013.pdf:/home/akhambhati/.zotero/zotero/ogos7uvj.default/zotero/storage/SEJ7837M/Afshar et al--A translational platform for prototyping closed-loop neuromodulation systems--2013.pdf:application/pdf}
}

@article{hutchison2013dynamic,
	title = {Dynamic functional connectivity: {Promise}, issues, and interpretations},
	volume = {80},
	issn = {10538119},
	shorttitle = {Dynamic functional connectivity},
	url = {http://linkinghub.elsevier.com/retrieve/pii/S105381191300579X},
	doi = {10.1016/j.neuroimage.2013.05.079},
	language = {en},
	urldate = {2015-02-10},
	journal = {NeuroImage},
	author = {Hutchison, R. Matthew and Womelsdorf, Thilo and Allen, Elena A. and Bandettini, Peter A. and Calhoun, Vince D. and Corbetta, Maurizio and Della Penna, Stefania and Duyn, Jeff H. and Glover, Gary H. and Gonzalez-Castillo, Javier and Handwerker, Daniel A. and Keilholz, Shella and Kiviniemi, Vesa and Leopold, David A. and de Pasquale, Francesco and Sporns, Olaf and Walter, Martin and Chang, Catie},
	month = oct,
	year = {2013},
	pages = {360--378},
	file = {Hutchison et al--Dynamic functional connectivity--2013.pdf:/home/akhambhati/.zotero/zotero/ogos7uvj.default/zotero/storage/7ICBEJPV/Hutchison et al--Dynamic functional connectivity--2013.pdf:application/pdf}
}

@article{friston2011functional,
	title = {Functional and {Effective} {Connectivity}: {A} {Review}},
	volume = {1},
	issn = {2158-0014, 2158-0022},
	shorttitle = {Functional and {Effective} {Connectivity}},
	url = {http://www.liebertonline.com/doi/abs/10.1089/brain.2011.0008},
	doi = {10.1089/brain.2011.0008},
	language = {en},
	number = {1},
	urldate = {2015-02-10},
	journal = {Brain Connectivity},
	author = {Friston, Karl J.},
	month = jan,
	year = {2011},
	pages = {13--36},
	file = {Friston--Functional and Effective Connectivity--2011.pdf:/home/akhambhati/.zotero/zotero/ogos7uvj.default/zotero/storage/ZS4WJC97/Friston--Functional and Effective Connectivity--2011.pdf:application/pdf}
}

@article{nair2004critical,
	title = {A critical review of the different conceptual hypotheses framing human focal epilepsy},
	volume = {6},
	url = {http://www.ncbi.nlm.nih.gov/pmc/articles/PMC4001228/},
	number = {2},
	urldate = {2015-04-23},
	journal = {Epileptic Disorders},
	author = {Nair, Dileep R. and Mohamed, Armin and Burgess, Richard and Luders, Hans},
	year = {2004},
	pages = {77--83},
	file = {Lee_et_al-2005-Annals_of_Neurology.pdf:/home/akhambhati/.zotero/zotero/ogos7uvj.default/zotero/storage/22EUII7A/Lee_et_al-2005-Annals_of_Neurology.pdf:application/pdf;Nair et al--A critical review of the different conceptual hypotheses framing human focal--2004.pdf:/home/akhambhati/.zotero/zotero/ogos7uvj.default/zotero/storage/7BTTB95A/Nair et al--A critical review of the different conceptual hypotheses framing human focal--2004.pdf:application/pdf}
}

@article{senbabaoglu2014critical,
	title = {Critical limitations of consensus clustering in class discovery},
	volume = {4},
	issn = {2045-2322},
	url = {http://www.nature.com/doifinder/10.1038/srep06207},
	doi = {10.1038/srep06207},
	urldate = {2015-07-04},
	journal = {Scientific Reports},
	author = {Senbabaoglu, Yasin and Michailidis, George and Li, Jun Z.},
	year = {2014},
	pages = {6207},
	file = {srep06207.pdf:/home/akhambhati/.zotero/zotero/ogos7uvj.default/zotero/storage/8N6DTE4I/srep06207.pdf:application/pdf}
}

@article{rosenow2001presurgical,
	title = {Presurgical evaluation of epilepsy},
	volume = {124},
	url = {http://brain.oxfordjournals.org/content/124/9/1683},
	doi = {10.1093/brain/124.9.1683},
	journal = {Brain},
	author = {Rosenow, Felix and Luders, Hans},
	year = {2001},
	pages = {1683--1700},
	file = {Rosenow_Luders--Presurgical evaluation of epilepsy--2001.pdf:/home/akhambhati/.zotero/zotero/ogos7uvj.default/zotero/storage/32XN6H4X/Rosenow_Luders--Presurgical evaluation of epilepsy--2001.pdf:application/pdf}
}

@article{rummel2013systems-level,
	title = {A {Systems}-{Level} {Approach} to {Human} {Epileptic} {Seizures}},
	volume = {11},
	issn = {1539-2791, 1559-0089},
	url = {http://link.springer.com/10.1007/s12021-012-9161-2},
	doi = {10.1007/s12021-012-9161-2},
	language = {en},
	number = {2},
	urldate = {2015-08-25},
	journal = {Neuroinformatics},
	author = {Rummel, Christian and Goodfellow, Marc and Gast, Heidemarie and Hauf, Martinus and Amor, Frédérique and Stibal, Alexander and Mariani, Luigi and Wiest, Roland and Schindler, Kaspar},
	month = apr,
	year = {2013},
	pages = {159--173},
	file = {Rummel et al. - 2013 - A Systems-Level Approach to Human Epileptic Seizur.pdf:/home/akhambhati/.zotero/zotero/ogos7uvj.default/zotero/storage/P6J5ZXHH/Rummel et al. - 2013 - A Systems-Level Approach to Human Epileptic Seizur.pdf:application/pdf}
}

@article{barahona2002synchronization,
	title = {Synchronization in {Small}-{World} {Systems}},
	volume = {89},
	issn = {0031-9007, 1079-7114},
	url = {http://link.aps.org/doi/10.1103/PhysRevLett.89.054101},
	doi = {10.1103/PhysRevLett.89.054101},
	language = {en},
	number = {5},
	urldate = {2015-04-28},
	journal = {Physical Review Letters},
	author = {Barahona, Mauricio and Pecora, Louis M.},
	month = jul,
	year = {2002},
	file = {Barahona_Pecora--Synchronization in Small-World Systems--2002.pdf:/home/akhambhati/.zotero/zotero/ogos7uvj.default/zotero/storage/5SX5ZNRX/Barahona_Pecora--Synchronization in Small-World Systems--2002.pdf:application/pdf}
}

@article{barabasi1999emergence,
	title = {Emergence of {Scaling} in {Random} {Networks}},
	volume = {286},
	doi = {10.1126/science.286.5439.509},
	number = {5439},
	journal = {Science},
	author = {Barabasi, Albert-László and Albert, Réka},
	year = {1999},
	pages = {509--512},
	file = {Barabasi_Albert--Emergence of Scaling in Random Networks--1999.pdf:/home/akhambhati/.zotero/zotero/ogos7uvj.default/zotero/storage/XDF4TVNW/Barabasi_Albert--Emergence of Scaling in Random Networks--1999.pdf:application/pdf}
}

@article{demont-guignard2012distinct,
	title = {Distinct hyperexcitability mechanisms underlie fast ripples and epileptic spikes},
	volume = {71},
	issn = {03645134},
	url = {http://doi.wiley.com/10.1002/ana.22610},
	doi = {10.1002/ana.22610},
	language = {en},
	number = {3},
	urldate = {2015-05-16},
	journal = {Annals of Neurology},
	author = {Demont-Guignard, Sophie and Benquet, Pascal and Gerber, Urs and Biraben, Arnaud and Martin, Benoit and Wendling, Fabrice},
	month = mar,
	year = {2012},
	pages = {342--352},
	file = {Demont-Guignard et al--Distinct hyperexcitability mechanisms underlie fast ripples and epileptic spikes--2012.pdf:/home/akhambhati/.zotero/zotero/ogos7uvj.default/zotero/storage/M2SXBWWI/Demont-Guignard et al--Distinct hyperexcitability mechanisms underlie fast ripples and epileptic spikes--2012.pdf:application/pdf}
}

@inproceedings{dauwels2009localization,
	title = {Localization of seizure onset area from intracranial non-seizure {EEG} by exploiting locally enhanced synchrony},
	url = {http://ieeexplore.ieee.org/xpls/abs_all.jsp?arnumber=5332447},
	urldate = {2015-08-25},
	booktitle = {Engineering in {Medicine} and {Biology} {Society}, 2009. {EMBC} 2009. {Annual} {International} {Conference} of the {IEEE}},
	publisher = {IEEE},
	author = {Dauwels, Justin and Eskandar, Emad and Cash, Sydney},
	year = {2009},
	pages = {2180--2183},
	file = {Dauwels et al. - 2009 - Localization of seizure onset area from intracrani.pdf:/home/akhambhati/.zotero/zotero/ogos7uvj.default/zotero/storage/447VHWA8/Dauwels et al. - 2009 - Localization of seizure onset area from intracrani.pdf:application/pdf}
}

@article{zaveri2009localization-related,
	title = {Localization-related epilepsy exhibits significant connectivity away from the seizure-onset area:},
	volume = {20},
	issn = {0959-4965},
	shorttitle = {Localization-related epilepsy exhibits significant connectivity away from the seizure-onset area},
	url = {http://content.wkhealth.com/linkback/openurl?sid=WKPTLP:landingpage&an=00001756-200906170-00014},
	doi = {10.1097/WNR.0b013e32832c78e0},
	language = {en},
	number = {9},
	urldate = {2015-08-25},
	journal = {NeuroReport},
	author = {Zaveri, Hitten P. and Pincus, Steven M. and Goncharova, Irina I. and Duckrow, Robert B. and Spencer, Dennis D. and Spencer, Susan S.},
	month = jun,
	year = {2009},
	pages = {891--895},
	file = {Zaveri et al. - 2009 - Localization-related epilepsy exhibits significant.pdf:/home/akhambhati/.zotero/zotero/ogos7uvj.default/zotero/storage/H9ZAS3K7/Zaveri et al. - 2009 - Localization-related epilepsy exhibits significant.pdf:application/pdf}
}

@article{schevon2007cortical,
	title = {Cortical {Abnormalities} in {Epilepsy} {Revealed} by {Local} {EEG} {Synchrony}},
	volume = {35},
	number = {1},
	journal = {NeuroImage},
	author = {Schevon, Catherine A. and Cappell, J and Emerson, Ronald G. and Isler, J and Grieve, P and Goodman, Robert R. and McKhann, Guy M. and Weiner, H and Kuzniecky, R and Devinsky, O and Gilliam, F},
	year = {2007},
	pages = {140--148},
	file = {Schevon et al. - 2007 - Cortical Abnormalities in Epilepsy Revealed by Loc.pdf:/home/akhambhati/.zotero/zotero/ogos7uvj.default/zotero/storage/4SAHEUTI/Schevon et al. - 2007 - Cortical Abnormalities in Epilepsy Revealed by Loc.pdf:application/pdf}
}

@inproceedings{wulsin2013parsing,
	title = {Parsing epileptic events using a {Markov} switching process model for correlated time series},
	url = {http://machinelearning.wustl.edu/mlpapers/papers/ICML2013_wulsin13},
	urldate = {2015-08-28},
	booktitle = {Proceedings of the 30th {International} {Conference} on {Machine} {Learning} ({ICML}-13)},
	author = {Wulsin, Drausin and Litt, Brian and Fox, Emily B.},
	year = {2013},
	pages = {356--364},
	file = {Wulsin et al. - 2013 - Parsing epileptic events using a Markov switching .pdf:/home/akhambhati/.zotero/zotero/ogos7uvj.default/zotero/storage/ZSH6XKIH/Wulsin et al. - 2013 - Parsing epileptic events using a Markov switching .pdf:application/pdf}
}

@article{morrell2011responsive,
	title = {Responsive cortical stimulation for the treatment of medically intractable partial epilepsy},
	volume = {77},
	url = {http://www.neurology.org/content/77/13/1295.short},
	number = {13},
	urldate = {2015-08-28},
	journal = {Neurology},
	author = {Morrell, Martha J.},
	year = {2011},
	pages = {1295--1304},
	file = {Morrell - 2011 - Responsive cortical stimulation for the treatment .pdf:/home/akhambhati/.zotero/zotero/ogos7uvj.default/zotero/storage/ZWBENJMZ/Morrell - 2011 - Responsive cortical stimulation for the treatment .pdf:application/pdf}
}

@article{jirsa2014nature,
	title = {On the nature of seizure dynamics},
	volume = {137},
	issn = {0006-8950, 1460-2156},
	url = {http://www.brain.oxfordjournals.org/cgi/doi/10.1093/brain/awu133},
	doi = {10.1093/brain/awu133},
	language = {en},
	number = {8},
	urldate = {2015-08-29},
	journal = {Brain},
	author = {Jirsa, V. K. and Stacey, W. C. and Quilichini, P. P. and Ivanov, A. I. and Bernard, C.},
	month = aug,
	year = {2014},
	pages = {2210--2230},
	file = {Jirsa et al. - 2014 - On the nature of seizure dynamics.pdf:/home/akhambhati/.zotero/zotero/ogos7uvj.default/zotero/storage/PTU548SN/Jirsa et al. - 2014 - On the nature of seizure dynamics.pdf:application/pdf}
}

@article{naze2015computational,
	title = {Computational {Modeling} of {Seizure} {Dynamics} {Using} {Coupled} {Neuronal} {Networks}: {Factors} {Shaping} {Epileptiform} {Activity}},
	volume = {11},
	issn = {1553-7358},
	shorttitle = {Computational {Modeling} of {Seizure} {Dynamics} {Using} {Coupled} {Neuronal} {Networks}},
	url = {http://dx.plos.org/10.1371/journal.pcbi.1004209},
	doi = {10.1371/journal.pcbi.1004209},
	language = {en},
	number = {5},
	urldate = {2015-08-29},
	journal = {PLOS Computational Biology},
	author = {Naze, Sebastien and Bernard, Christophe and Jirsa, Viktor},
	editor = {Graham, Lyle},
	month = may,
	year = {2015},
	pages = {e1004209},
	file = {Naze et al. - 2015 - Computational Modeling of Seizure Dynamics Using C.pdf:/home/akhambhati/.zotero/zotero/ogos7uvj.default/zotero/storage/9JE4UD4D/Naze et al. - 2015 - Computational Modeling of Seizure Dynamics Using C.pdf:application/pdf}
}

@article{stanslaski2012design,
	title = {Design and {Validation} of a {Fully} {Implantable}, {Chronic}, {Closed}-{Loop} {Neuromodulation} {Device} {With} {Concurrent} {Sensing} and {Stimulation}},
	volume = {20},
	issn = {1534-4320, 1558-0210},
	url = {http://ieeexplore.ieee.org/lpdocs/epic03/wrapper.htm?arnumber=6135801},
	doi = {10.1109/TNSRE.2012.2183617},
	number = {4},
	urldate = {2015-08-30},
	journal = {IEEE Transactions on Neural Systems and Rehabilitation Engineering},
	author = {Stanslaski, S. and Afshar, P. and {Peng Cong} and Giftakis, J. and Stypulkowski, P. and Carlson, D. and Linde, D. and Ullestad, D. and Avestruz, A. and Denison, T.},
	month = jul,
	year = {2012},
	pages = {410--421},
	file = {Stanslaski et al. - 2012 - Design and Validation of a Fully Implantable, Chro.pdf:/home/akhambhati/.zotero/zotero/ogos7uvj.default/zotero/storage/5RJQC7AB/Stanslaski et al. - 2012 - Design and Validation of a Fully Implantable, Chro.pdf:application/pdf}
}

@article{pecora1998master,
	title = {Master stability functions for synchronized coupled systems},
	volume = {80},
	url = {http://journals.aps.org/prl/abstract/10.1103/PhysRevLett.80.2109},
	number = {10},
	urldate = {2015-09-02},
	journal = {Physical Review Letters},
	author = {Pecora, Louis M. and Carroll, Thomas L.},
	year = {1998},
	pages = {2109},
	file = {Pecora and Carroll - 1998 - Master stability functions for synchronized couple.pdf:/home/akhambhati/.zotero/zotero/ogos7uvj.default/zotero/storage/9UXN5ABF/Pecora and Carroll - 1998 - Master stability functions for synchronized couple.pdf:application/pdf}
}

@inproceedings{kim2011fast,
	series = {6},
	title = {Fast nonnegative {Matrix} {Factorization}: {An} {Active}-set-like {Method} and {Comparisons}},
	volume = {33},
	author = {Kim, JIngu and Park, Haesun},
	year = {2011},
	pages = {3261--3281},
	file = {Kim and Park - 2011 - Fast nonnegative Matrix Factorization An Active-s.pdf:/home/akhambhati/.zotero/zotero/ogos7uvj.default/zotero/storage/WI3X7UUX/Kim and Park - 2011 - Fast nonnegative Matrix Factorization An Active-s.pdf:application/pdf}
}

@article{bullmore2001colored,
	title = {Colored {Noise} and {Computational} {Inference} in {Neurophysiological} ({fMRI}) {Time} {Series} {Analysis}: {Resampling} {Methods} in {Time} and {Wavelet} {Domains}},
	volume = {12},
	journal = {Human Brain Mapping},
	author = {Bullmore, Ed and Long, Chris and Suckling, John and Fadili, Jalal and Calvert, Gemma and Zelaya, Fernando and Carpenter, T. Adrian and Brammer, Mick},
	year = {2001},
	pages = {61--78},
	file = {Bullmore et al. - 2001 - Colored Noise and Computational Inference in Neuro.pdf:/home/akhambhati/.zotero/zotero/ogos7uvj.default/zotero/storage/9C4EFZAP/Bullmore et al. - 2001 - Colored Noise and Computational Inference in Neuro.pdf:application/pdf}
}

@article{lund2006non-white,
	title = {Non-white noise in {fMRI}: {Does} modelling have an impact?},
	volume = {29},
	issn = {10538119},
	shorttitle = {Non-white noise in {fMRI}},
	url = {http://linkinghub.elsevier.com/retrieve/pii/S105381190500501X},
	doi = {10.1016/j.neuroimage.2005.07.005},
	language = {en},
	number = {1},
	urldate = {2015-09-03},
	journal = {NeuroImage},
	author = {Lund, Torben E. and Madsen, Kristoffer H. and Sidaros, Karam and Luo, Wen-Lin and Nichols, Thomas E.},
	month = jan,
	year = {2006},
	pages = {54--66},
	file = {Lund et al. - 2006 - Non-white noise in fMRI Does modelling have an im.pdf:/home/akhambhati/.zotero/zotero/ogos7uvj.default/zotero/storage/ERZU6XTQ/Lund et al. - 2006 - Non-white noise in fMRI Does modelling have an im.pdf:application/pdf}
}

@article{arbabshirani2014impact,
	title = {Impact of autocorrelation on functional connectivity},
	volume = {102},
	issn = {10538119},
	url = {http://linkinghub.elsevier.com/retrieve/pii/S1053811914006284},
	doi = {10.1016/j.neuroimage.2014.07.045},
	language = {en},
	urldate = {2015-09-03},
	journal = {NeuroImage},
	author = {Arbabshirani, Mohammad R. and Damaraju, Eswar and Phlypo, Ronald and Plis, Sergey and Allen, Elena and Ma, Sai and Mathalon, Daniel and Preda, Adrian and Vaidya, Jatin G. and Adali, Tülay and Calhoun, Vince D.},
	month = nov,
	year = {2014},
	pages = {294--308},
	file = {Arbabshirani et al. - 2014 - Impact of autocorrelation on functional connectivi.pdf:/home/akhambhati/.zotero/zotero/ogos7uvj.default/zotero/storage/KXR3M6HB/Arbabshirani et al. - 2014 - Impact of autocorrelation on functional connectivi.pdf:application/pdf}
}

@article{boutsidis2008svd,
	title = {{SVD} based initialization: {A} head start for nonnegative matrix factorization},
	volume = {41},
	issn = {00313203},
	shorttitle = {{SVD} based initialization},
	url = {http://linkinghub.elsevier.com/retrieve/pii/S0031320307004359},
	doi = {10.1016/j.patcog.2007.09.010},
	language = {en},
	number = {4},
	urldate = {2015-10-10},
	journal = {Pattern Recognition},
	author = {Boutsidis, C. and Gallopoulos, E.},
	year = {2008},
	pages = {1350--1362},
	file = {10.1.1.137.8281.pdf:/home/akhambhati/.zotero/zotero/ogos7uvj.default/zotero/storage/EC9SQTJZ/10.1.1.137.8281.pdf:application/pdf}
}

@article{monti2003consensus,
	title = {Consensus clustering: a resampling-based method for class discovery and visualization of gene expression microarray data},
	volume = {52},
	shorttitle = {Consensus clustering},
	url = {http://link.springer.com/article/10.1023/A:1023949509487},
	number = {1-2},
	urldate = {2015-10-10},
	journal = {Machine learning},
	author = {Monti, Stefano and Tamayo, Pablo and Mesirov, Jill and Golub, Todd},
	year = {2003},
	pages = {91--118},
	file = {art%3A10.1023%2FA%3A1023949509487.pdf:/home/akhambhati/.zotero/zotero/ogos7uvj.default/zotero/storage/VUVAP423/art%3A10.1023%2FA%3A1023949509487.pdf:application/pdf}
}

@book{borg2005modern,
	title = {Modern multidimensional scaling: {Theory} and applications},
	publisher = {Springer Science \& Business Media},
	author = {Borg, Ingwer and Groenen, Patrick JF},
	year = {2005}
}

@article{geier2015how,
	title = {How important is the seizure onset zone for seizure dynamics?},
	volume = {25},
	issn = {10591311},
	url = {http://linkinghub.elsevier.com/retrieve/pii/S1059131114002829},
	doi = {10.1016/j.seizure.2014.10.013},
	language = {en},
	urldate = {2015-10-11},
	journal = {Seizure},
	author = {Geier, Christian and Bialonski, Stephan and Elger, Christian E. and Lehnertz, Klaus},
	month = feb,
	year = {2015},
	pages = {160--166},
	file = {GeierBialonskiElgerLehnertz2015.pdf:/home/akhambhati/.zotero/zotero/ogos7uvj.default/zotero/storage/45BSZ5FT/GeierBialonskiElgerLehnertz2015.pdf:application/pdf}
}

@article{deco2011emerging,
	title = {Emerging concepts for the dynamical organization of resting-state activity in the brain},
	volume = {12},
	issn = {1471-003X, 1471-0048},
	url = {http://www.nature.com/doifinder/10.1038/nrn2961},
	doi = {10.1038/nrn2961},
	number = {1},
	urldate = {2015-10-11},
	journal = {Nature Reviews Neuroscience},
	author = {Deco, Gustavo and Jirsa, Viktor K. and McIntosh, Anthony R.},
	month = jan,
	year = {2011},
	pages = {43--56},
	file = {nrn2961.pdf:/home/akhambhati/.zotero/zotero/ogos7uvj.default/zotero/storage/9MH3U5B7/nrn2961.pdf:application/pdf}
}

@article{deco2011dynamical,
	title = {The {Dynamical} {Balance} of the {Brain} at {Rest}},
	volume = {17},
	issn = {1073-8584, 1089-4098},
	url = {http://nro.sagepub.com/cgi/doi/10.1177/1073858409354384},
	doi = {10.1177/1073858409354384},
	language = {en},
	number = {1},
	urldate = {2015-10-11},
	journal = {The Neuroscientist},
	author = {Deco, G. and Corbetta, M.},
	month = feb,
	year = {2011},
	pages = {107--123},
	file = {nihms582810.pdf:/home/akhambhati/.zotero/zotero/ogos7uvj.default/zotero/storage/SXRBA2QH/nihms582810.pdf:application/pdf}
}

@article{hansen2015functional,
	title = {Functional connectivity dynamics: {Modeling} the switching behavior of the resting state},
	volume = {105},
	issn = {10538119},
	shorttitle = {Functional connectivity dynamics},
	url = {http://linkinghub.elsevier.com/retrieve/pii/S1053811914009033},
	doi = {10.1016/j.neuroimage.2014.11.001},
	language = {en},
	urldate = {2015-10-11},
	journal = {NeuroImage},
	author = {Hansen, Enrique C.A. and Battaglia, Demian and Spiegler, Andreas and Deco, Gustavo and Jirsa, Viktor K.},
	month = jan,
	year = {2015},
	pages = {525--535},
	file = {1-s2.0-S1053811914009033-main.pdf:/home/akhambhati/.zotero/zotero/ogos7uvj.default/zotero/storage/AHJGMQCH/1-s2.0-S1053811914009033-main.pdf:application/pdf}
}

@article{kwan2011drug-resistant,
	title = {Drug-resistant epilepsy},
	volume = {365},
	url = {http://www.nejm.org/doi/full/10.1056/NEJMra1004418},
	number = {10},
	urldate = {2015-10-12},
	journal = {New England Journal of Medicine},
	author = {Kwan, Patrick and Schachter, Steven C. and Brodie, Martin J.},
	year = {2011},
	pages = {919--926},
	file = {nejmra1004418.pdf:/home/akhambhati/.zotero/zotero/ogos7uvj.default/zotero/storage/N3S67F6I/nejmra1004418.pdf:application/pdf}
}

@article{tellez-zenteno2005long-term,
	title = {Long-term seizure outcomes following epilepsy surgery: a systematic review and meta-analysis},
	volume = {128},
	issn = {1460-2156},
	shorttitle = {Long-term seizure outcomes following epilepsy surgery},
	url = {http://www.brain.oupjournals.org/cgi/doi/10.1093/brain/awh449},
	doi = {10.1093/brain/awh449},
	language = {en},
	number = {5},
	urldate = {2015-10-13},
	journal = {Brain},
	author = {Tellez-Zenteno, J. F.},
	month = mar,
	year = {2005},
	pages = {1188--1198},
	file = {1188.full.pdf:/home/akhambhati/.zotero/zotero/ogos7uvj.default/zotero/storage/ID636VT6/1188.full.pdf:application/pdf;ajnr.A4362.full.pdf:/home/akhambhati/.zotero/zotero/ogos7uvj.default/zotero/storage/DHICCANZ/ajnr.A4362.full.pdf:application/pdf}
}

@article{bien2009characteristics,
	title = {Characteristics and surgical outcomes of patients with refractory magnetic resonance imaging–negative epilepsies},
	volume = {66},
	url = {http://archopht.jamanetwork.com/article.aspx?articleid=798793},
	number = {12},
	urldate = {2015-10-13},
	journal = {Archives of Neurology},
	author = {Bien, Christian G. and Szinay, Miriam and Wagner, Jan and Clusmann, Hans and Becker, Albert J. and Urbach, Horst},
	year = {2009},
	pages = {1491--1499},
	file = {noc90075_1491_1499.pdf:/home/akhambhati/.zotero/zotero/ogos7uvj.default/zotero/storage/K2JEZPEA/noc90075_1491_1499.pdf:application/pdf}
}

@article{stacey2008technology,
	title = {Technology {Insight}: neuroengineering and epilepsy—designing devices for seizure control},
	issn = {1745-834X, 1743-4300},
	shorttitle = {Technology {Insight}},
	url = {http://www.nature.com/doifinder/10.1038/ncpneuro0750},
	doi = {10.1038/ncpneuro0750},
	urldate = {2015-10-13},
	journal = {Nature Clinical Practice Neurology},
	author = {Stacey, William C and Litt, Brian},
	year = {2008},
	file = {ncpneuro0750.pdf:/home/akhambhati/.zotero/zotero/ogos7uvj.default/zotero/storage/W5BU9G2J/ncpneuro0750.pdf:application/pdf}
}

@article{fisher2010electrical,
	title = {Electrical stimulation of the anterior nucleus of thalamus for treatment of refractory epilepsy: {Deep} {Brain} {Stimulation} of {Anterior} {Thalamus} for {Epilepsy}},
	volume = {51},
	issn = {00139580},
	shorttitle = {Electrical stimulation of the anterior nucleus of thalamus for treatment of refractory epilepsy},
	url = {http://doi.wiley.com/10.1111/j.1528-1167.2010.02536.x},
	doi = {10.1111/j.1528-1167.2010.02536.x},
	language = {en},
	number = {5},
	urldate = {2015-10-13},
	journal = {Epilepsia},
	author = {Fisher, Robert and Salanova, Vicenta and Witt, Thomas and Worth, Robert and Henry, Thomas and Gross, Robert and Oommen, Kalarickal and Osorio, Ivan and Nazzaro, Jules and Labar, Douglas and Kaplitt, Michael and Sperling, Michael and Sandok, Evan and Neal, John and Handforth, Adrian and Stern, John and DeSalles, Antonio and Chung, Steve and Shetter, Andrew and Bergen, Donna and Bakay, Roy and Henderson, Jaimie and French, Jacqueline and Baltuch, Gordon and Rosenfeld, William and Youkilis, Andrew and Marks, William and Garcia, Paul and Barbaro, Nicolas and Fountain, Nathan and Bazil, Carl and Goodman, Robert and McKhann, Guy and Babu Krishnamurthy, K. and Papavassiliou, Steven and Epstein, Charles and Pollard, John and Tonder, Lisa and Grebin, Joan and Coffey, Robert and Graves, Nina and {the SANTE Study Group}},
	year = {2010},
	pages = {899--908},
	file = {Fisher_et_al-2010-Epilepsia.pdf:/home/akhambhati/.zotero/zotero/ogos7uvj.default/zotero/storage/6MA9RJ57/Fisher_et_al-2010-Epilepsia.pdf:application/pdf}
}

@article{medvid2015current,
	title = {Current {Applications} of {MRI}-{Guided} {Laser} {Interstitial} {Thermal} {Therapy} in the {Treatment} of {Brain} {Neoplasms} and {Epilepsy}: {A} {Radiologic} and {Neurosurgical} {Overview}},
	issn = {0195-6108, 1936-959X},
	shorttitle = {Current {Applications} of {MRI}-{Guided} {Laser} {Interstitial} {Thermal} {Therapy} in the {Treatment} of {Brain} {Neoplasms} and {Epilepsy}},
	url = {http://www.ajnr.org/cgi/doi/10.3174/ajnr.A4362},
	doi = {10.3174/ajnr.A4362},
	language = {en},
	urldate = {2015-10-13},
	journal = {American Journal of Neuroradiology},
	author = {Medvid, R. and Ruiz, A. and Komotar, R. J. and Jagid, J. R. and Ivan, M. E. and Quencer, R. M. and Desai, M. B.},
	year = {2015},
	file = {ajnr.A4362.full.pdf:/home/akhambhati/.zotero/zotero/ogos7uvj.default/zotero/storage/4MH45A22/ajnr.A4362.full.pdf:application/pdf}
}

@article{tovar-spinoza2013use,
	title = {The use of {MRI}-guided laser-induced thermal ablation for epilepsy},
	volume = {29},
	issn = {0256-7040, 1433-0350},
	url = {http://link.springer.com/10.1007/s00381-013-2169-6},
	doi = {10.1007/s00381-013-2169-6},
	language = {en},
	number = {11},
	urldate = {2015-10-13},
	journal = {Child's Nervous System},
	author = {Tovar-Spinoza, Zulma and Carter, David and Ferrone, David and Eksioglu, Yaman and Huckins, Sean},
	year = {2013},
	pages = {2089--2094},
	file = {art%3A10.1007%2Fs00381-013-2169-6.pdf:/home/akhambhati/.zotero/zotero/ogos7uvj.default/zotero/storage/UKZD77ZM/art%3A10.1007%2Fs00381-013-2169-6.pdf:application/pdf}
}

@article{berg2010revised,
	title = {Revised terminology and concepts for organization of seizures and epilepsies: {Report} of the {ILAE} {Commission} on {Classification} and {Terminology}, 2005-2009},
	volume = {51},
	issn = {00139580, 15281167},
	shorttitle = {Revised terminology and concepts for organization of seizures and epilepsies},
	url = {http://doi.wiley.com/10.1111/j.1528-1167.2010.02522.x},
	doi = {10.1111/j.1528-1167.2010.02522.x},
	language = {en},
	number = {4},
	urldate = {2015-10-14},
	journal = {Epilepsia},
	author = {Berg, Anne T. and Berkovic, Samuel F. and Brodie, Martin J. and Buchhalter, Jeffrey and Cross, J. Helen and van Emde Boas, Walter and Engel, Jerome and French, Jacqueline and Glauser, Tracy A. and Mathern, Gary W. and Moshé, Solomon L. and Nordli, Douglas and Plouin, Perrine and Scheffer, Ingrid E.},
	year = {2010},
	pages = {676--685},
	file = {Berg_et_al-2010-Epilepsia (10).pdf:/home/akhambhati/.zotero/zotero/ogos7uvj.default/zotero/storage/XST4V8RS/Berg_et_al-2010-Epilepsia (10).pdf:application/pdf}
}

@article{lee2005surgical,
	title = {Surgical outcome and prognostic factors of cryptogenic neocortical epilepsy},
	volume = {58},
	issn = {0364-5134, 1531-8249},
	url = {http://doi.wiley.com/10.1002/ana.20569},
	doi = {10.1002/ana.20569},
	language = {en},
	number = {4},
	urldate = {2015-10-14},
	journal = {Annals of Neurology},
	author = {Lee, Sang Kun and Lee, Seo Young and Kim, Kwang-Ki and Hong, Kkeun-Sik and Lee, Dong-Soo and Chung, Chun-Kee},
	year = {2005},
	pages = {525--532},
	file = {Lee_et_al-2005-Annals_of_Neurology.pdf:/home/akhambhati/.zotero/zotero/ogos7uvj.default/zotero/storage/9GFSMNZ7/Lee_et_al-2005-Annals_of_Neurology.pdf:application/pdf}
}

@article{tellez-zenteno2010surgical,
	title = {Surgical outcomes in lesional and non-lesional epilepsy: {A} systematic review and meta-analysis},
	volume = {89},
	issn = {09201211},
	shorttitle = {Surgical outcomes in lesional and non-lesional epilepsy},
	url = {http://linkinghub.elsevier.com/retrieve/pii/S0920121110000410},
	doi = {10.1016/j.eplepsyres.2010.02.007},
	language = {en},
	number = {2-3},
	urldate = {2015-10-14},
	journal = {Epilepsy Research},
	author = {Tellez-Zenteno, José F. and Ronquillo, Lizbeth Hernández and Moien-Afshari, Farzad and Wiebe, Samuel},
	year = {2010},
	pages = {310--318},
	file = {1-s2.0-S0920121110000410-main.pdf:/home/akhambhati/.zotero/zotero/ogos7uvj.default/zotero/storage/BE9V8R7Z/1-s2.0-S0920121110000410-main.pdf:application/pdf}
}

@misc{gaillard2015focal,
	title = {Focal cortical dysplasia - type {IIB}},
	url = {http://radiopaedia.org/cases/5561},
	author = {Gaillard, Frank},
	year = {2015}
}

@article{kuzniecky2002neuroimaging,
	title = {Neuroimaging of {Epilepsy}},
	volume = {22},
	number = {3},
	journal = {Seminars in Neurology},
	author = {Kuzniecky, Ruben I. and Knowlton, Robert C.},
	year = {2002},
	file = {s-2002-36647.pdf:/home/akhambhati/.zotero/zotero/ogos7uvj.default/zotero/storage/CFUVBNN2/s-2002-36647.pdf:application/pdf}
}

@book{buzsaki2006rhythms,
	address = {Oxford ; New York},
	title = {Rhythms of the brain},
	isbn = {978-0-19-530106-9 978-0-19-982823-4},
	publisher = {Oxford University Press},
	author = {Buzsáki, G.},
	year = {2006},
	keywords = {Biological rhythms, Brain, Cortical Synchronization, Oscillations, Periodicity, Physiology},
	file = {RythmsOfTheBrainBuszaki.pdf:/home/akhambhati/.zotero/zotero/ogos7uvj.default/zotero/storage/8WFJQI4X/RythmsOfTheBrainBuszaki.pdf:application/pdf}
}

@article{lee2000clinical,
	title = {The clinical usefulness of ictal surface {EEG} in neocortical epilepsy},
	volume = {41},
	url = {http://onlinelibrary.wiley.com/doi/10.1111/j.1528-1157.2000.tb00121.x/full},
	number = {11},
	urldate = {2015-10-14},
	journal = {Epilepsia},
	author = {Lee, Sang Kun and Kim, Joo-Yong and Hong, Keun-Sik and Nam, Hyun-Woo and Park, Sung-Ho and Chung, Chun-Ki},
	year = {2000},
	pages = {1450--1455},
	file = {j.1528-1157.2000.tb00121.x.pdf:/home/akhambhati/.zotero/zotero/ogos7uvj.default/zotero/storage/T5VHKX3E/j.1528-1157.2000.tb00121.x.pdf:application/pdf}
}